,px,pz,start_speed,end_speed,spin_rate,spin_dir,break_angle,break_length,break_y,ax,ay,az,sz_bot,sz_top,type_confidence,vx0,vy0,vz0,x,x0,y,y0,z0,pfx_x,pfx_z,nasty,zone,code,type,pitch_type,event_num,b_score,ab_id,b_count,s_count,outs,pitch_num,on_1b,on_2b,on_3b,xmid,zmid,batter_id,event,g_id,inning,o,p_score,p_throws,pitcher_id,stand,top
0,0.416,2.963,92.9,84.1,2305.052,159.235,-25.0,3.2,23.7,7.665,34.685,-11.96,1.72,3.56,2.0,-6.409,-136.065,-3.995,101.14,2.28,158.78,50.0,5.302,4.16,10.93,55.0,3.0,C,S,FF,3,0.0,2015000001.0,0.0,0.0,0.0,1.0,0.0,0.0,0.0,1.0013333333333332,3.221666666666667,572761,Groundout,201500001,1,1,0,L,452657,L,True
1,-0.191,2.347,92.8,84.1,2689.935,151.402,-40.7,3.4,23.7,12.043,34.225,-10.085,1.72,3.56,2.0,-8.411,-135.69,-5.98,124.28,2.119,175.41,50.0,5.307,6.57,12.0,31.0,5.0,S,S,FF,4,0.0,2015000001.0,0.0,1.0,0.0,2.0,0.0,0.0,0.0,0.4165000000000001,2.827,572761,Groundout,201500001,1,1,0,L,452657,L,True
2,-0.518,3.284,94.1,85.2,2647.972,145.125,-43.7,3.7,23.7,14.368,35.276,-11.56,1.72,3.56,2.0,-9.802,-137.668,-3.337,136.74,2.127,150.11,50.0,5.313,7.61,10.88,49.0,1.0,F,S,FF,5,0.0,2015000001.0,0.0,2.0,0.0,3.0,0.0,0.0,0.0,0.17033333333333323,3.391833333333333,572761,Groundout,201500001,1,1,0,L,452657,L,True
3,-0.641,1.221,91.0,84.0,1289.59,169.751,-1.3,5.0,23.8,2.104,28.354,-20.54,1.74,3.35,2.0,-8.071,-133.005,-6.567,109.68563599417064,2.279,187.46348190644312,50.0,5.21,1.17,6.45,41.0,13.0,B,B,FF,6,0.0,2015000001.0,0.0,2.0,0.0,4.0,0.0,0.0,0.0,0.7214999999999999,2.678,572761,Groundout,201500001,1,1,0,L,452657,L,True
4,-1.821,2.083,75.4,69.6,1374.569,280.671,18.4,12.0,23.8,-10.28,21.774,-34.111,1.72,3.56,2.0,-6.309,-110.409,0.325,146.52752519550893,2.179,177.2428287731686,50.0,5.557,-8.43,-1.65,18.0,13.0,B,B,CU,7,0.0,2015000001.0,1.0,2.0,0.0,5.0,0.0,0.0,0.0,0.8815,3.9575000000000005,572761,Groundout,201500001,1,1,0,L,452657,L,True
5,0.627,2.397,92.9,84.8,2743.856,148.11,-45.7,3.7,23.7,13.59,32.274,-10.333,1.72,3.56,2.0,-6.943,-136.012,-5.738,118.00477226544056,2.273,164.46701235657548,50.0,5.264,7.32,11.72,42.0,6.0,X,X,FF,8,0.0,2015000001.0,2.0,2.0,0.0,6.0,0.0,0.0,0.0,0.8400000000000002,2.853833333333333,572761,Groundout,201500001,1,1,0,L,452657,L,True
6,-1.088,1.61,93.3,85.3,2848.535,147.044,-46.3,3.6,23.7,14.549,31.469,-9.734,1.59,3.45,2.0,-11.032,-136.208,-7.762,141.43,2.013,205.81,50.0,5.179,7.79,11.97,80.0,13.0,B,B,FF,12,0.0,2015000002.0,0.0,0.0,1.0,1.0,0.0,0.0,0.0,-0.18666666666666676,2.3970000000000002,518792,Double,201500001,1,1,0,L,452657,L,True
7,-0.257,2.047,89.3,82.4,1433.743,185.948,7.3,4.8,23.8,-1.339,27.421,-19.326,1.59,3.45,0.778,-6.335,-130.711,-4.611,186.41,2.298,182.54,50.0,5.284,-0.77,7.38,39.0,7.0,D,X,FC,13,0.0,2015000002.0,1.0,0.0,1.0,2.0,0.0,0.0,0.0,1.0846666666666667,3.0504999999999995,518792,Double,201500001,1,1,0,L,452657,L,True
8,1.47,2.35,92.1,85.0,2666.09,146.146,-45.0,4.0,23.8,13.808,28.169,-11.591,1.89,3.46,2.0,-5.075,-134.873,-5.723,93.1,2.402,174.06,50.0,5.31,7.46,11.09,42.0,14.0,B,B,FF,17,0.0,2015000003.0,0.0,0.0,1.0,1.0,0.0,1.0,0.0,1.3143333333333334,2.9058333333333333,407812,Single,201500001,1,1,0,L,452657,R,True
9,-1.337,1.898,89.3,82.0,1384.143,174.388,2.0,4.9,23.8,1.218,28.828,-19.782,1.81,3.52,0.648,-9.239,-130.512,-4.904,135.83149284673328,2.165,182.9919461606355,50.0,5.302,0.71,7.18,34.0,13.0,B,B,FF,18,0.0,2015000003.0,1.0,0.0,1.0,2.0,0.0,1.0,0.0,0.3548333333333334,3.0016666666666665,407812,Single,201500001,1,1,0,L,452657,R,True
10,-0.286,1.83,92.6,84.4,2475.323,137.145,-39.0,4.8,23.7,15.709,32.602,-15.243,1.95,3.52,2.0,-9.247,-135.366,-6.13,116.81632422668773,2.08,165.74459399823485,50.0,5.211,8.56,9.19,48.0,13.0,E,X,FF,19,0.0,2015000003.0,2.0,0.0,1.0,3.0,0.0,1.0,0.0,0.18366666666666664,2.754666666666667,407812,Single,201500001,1,1,0,L,452657,R,True
11,0.2,2.643,90.5,83.7,2186.173,119.214,-34.4,6.3,23.8,17.411,26.452,-22.438,1.73,3.68,2.0,-8.704,-132.38,-2.685,109.38,2.253,167.42,50.0,5.301,9.74,5.41,40.0,5.0,F,S,SI,25,1.0,2015000004.0,0.0,0.0,1.0,1.0,1.0,0.0,0.0,0.4148333333333335,3.521166666666667,425509,Strikeout,201500001,1,2,0,L,452657,R,True
12,-0.741,2.93,90.6,83.0,2234.961,154.197,-25.5,3.7,23.8,8.889,29.431,-13.79,1.73,3.68,2.0,-8.801,-132.554,-3.666,145.25,1.977,159.67,50.0,5.343,5.02,10.33,49.0,11.0,F,S,FF,26,1.0,2015000004.0,0.0,1.0,1.0,2.0,1.0,0.0,0.0,0.19966666666666683,3.2756666666666665,425509,Strikeout,201500001,1,2,0,L,452657,R,True
13,-0.711,1.971,76.3,71.2,818.89,283.898,11.6,11.0,23.9,-6.127,19.641,-33.69,1.73,3.68,2.0,-5.266,-111.822,-0.053,144.1,2.299,185.56,50.0,5.443,-4.83,-1.25,45.0,13.0,S,S,CU,27,1.0,2015000004.0,0.0,2.0,1.0,3.0,1.0,0.0,0.0,1.1965000000000001,3.8111666666666664,425509,Strikeout,201500001,1,2,0,L,452657,R,True
14,-1.539,1.525,91.6,84.5,2248.792,154.853,-23.8,3.6,23.8,8.804,27.829,-13.421,1.68,3.57,2.0,-11.143,-133.652,-7.151,175.66,2.047,197.61,50.0,5.192,4.85,10.29,55.0,13.0,B,B,FF,31,1.0,2015000005.0,0.0,0.0,2.0,1.0,1.0,0.0,0.0,-0.1501666666666665,2.5010000000000003,571431,Strikeout,201500001,1,3,0,L,452657,L,True
15,-0.881,1.888,93.1,85.3,2697.793,151.814,-40.0,3.3,23.8,11.942,30.614,-9.89,1.68,3.57,2.0,-10.439,-135.959,-7.183,150.58,2.182,187.8,50.0,5.255,6.4,11.9,62.0,13.0,F,S,FF,32,1.0,2015000005.0,1.0,0.0,2.0,2.0,1.0,0.0,0.0,0.11716666666666664,2.579833333333333,571431,Strikeout,201500001,1,3,0,L,452657,L,True
16,0.096,2.794,91.1,83.8,2214.735,148.444,-30.3,4.1,23.8,10.656,28.744,-14.824,1.68,3.57,2.0,-7.273,-133.377,-3.73,113.34,2.089,163.34,50.0,5.28,5.92,9.59,25.0,5.0,F,S,FF,33,1.0,2015000005.0,1.0,1.0,2.0,3.0,1.0,0.0,0.0,0.5991666666666666,3.237833333333333,571431,Strikeout,201500001,1,3,0,L,452657,L,True
17,-0.365,1.518,92.4,84.6,2439.131,140.729,-37.2,4.5,23.8,14.373,30.975,-14.596,1.68,3.57,2.0,-9.375,-135.055,-7.179,130.91,2.144,197.79,50.0,5.248,7.83,9.53,51.0,13.0,F,S,FF,34,1.0,2015000005.0,1.0,2.0,2.0,4.0,1.0,0.0,0.0,0.2370000000000001,2.5888333333333335,571431,Strikeout,201500001,1,3,0,L,452657,L,True
18,-1.681,0.875,89.3,82.9,1000.504,187.948,7.0,5.8,23.8,-1.244,26.386,-23.266,1.68,3.57,0.763,-9.531,-130.424,-6.624,181.08,2.108,215.16,50.0,5.192,-0.72,5.11,27.0,13.0,S,S,FC,35,1.0,2015000005.0,1.0,2.0,2.0,5.0,1.0,0.0,0.0,0.2735,2.607666666666667,571431,Strikeout,201500001,1,3,0,L,452657,L,True
19,-1.585,1.72,89.5,82.2,2357.29,230.354,38.0,6.0,23.8,-16.39,29.322,-18.593,1.69,3.63,2.0,2.889,-131.001,-7.351,177.42,-1.474,192.34,50.0,5.967,-9.49,7.82,48.0,13.0,B,B,SI,41,0.0,2015000006.0,0.0,0.0,0.0,1.0,0.0,0.0,0.0,-0.7386666666666667,3.191833333333333,451594,Double,201500001,1,0,1,R,425794,L,False
20,0.008,2.602,87.5,80.7,1307.695,167.036,-8.1,5.4,23.8,2.592,26.888,-20.916,1.69,3.97,2.0,2.704,-128.166,-4.912,116.7,-1.264,168.53,50.0,6.18,1.56,6.73,18.0,5.0,D,X,FC,42,0.0,2015000006.0,1.0,0.0,0.0,2.0,0.0,0.0,0.0,-0.758,3.8301666666666665,451594,Double,201500001,1,0,1,R,425794,L,False
21,0.015,2.287,91.6,84.0,2067.215,203.022,21.7,3.9,23.8,-7.473,30.553,-14.589,1.61,3.59,2.0,4.558,-134.094,-7.333,116.43,-1.175,177.03,50.0,6.109,-4.13,9.67,41.0,5.0,F,S,FF,46,0.0,2015000007.0,0.0,0.0,0.0,1.0,0.0,1.0,0.0,-0.2358333333333334,3.392166666666667,624585,Groundout,201500001,1,1,1,R,425794,R,False
22,1.703,0.22,76.1,69.8,1844.187,38.345,-12.2,15.1,23.8,8.791,26.299,-43.287,1.61,3.46,2.0,4.366,-111.47,-3.288,52.09,-1.243,232.84,50.0,6.333,7.23,-9.2,12.0,14.0,*B,B,CU,47,0.0,2015000007.0,0.0,1.0,0.0,2.0,0.0,1.0,0.0,-0.37250000000000005,4.043166666666666,624585,Groundout,201500001,1,1,1,R,425794,R,False
23,0.687,1.97,87.2,81.2,1084.687,164.325,-7.8,5.9,23.9,2.58,24.596,-22.981,1.61,3.59,2.0,4.243,-127.708,-6.167,90.81,-1.193,185.59,50.0,6.206,1.55,5.48,49.0,9.0,S,S,FC,49,0.0,2015000007.0,1.0,1.0,0.0,3.0,0.0,1.0,0.0,-0.38216666666666665,3.6313333333333335,624585,Groundout,201500001,1,1,1,R,425794,R,False
24,0.788,1.808,89.3,83.3,1645.645,175.253,-6.2,4.4,23.9,1.227,24.591,-17.403,1.61,3.59,0.821,4.729,-130.668,-7.771,86.96,-1.128,189.96,50.0,6.102,0.7,8.4,57.0,14.0,X,X,FC,50,0.0,2015000007.0,1.0,2.0,0.0,4.0,0.0,1.0,0.0,-0.22833333333333325,3.255,624585,Groundout,201500001,1,1,1,R,425794,R,False
25,0.807,-0.489,76.5,70.2,1883.009,41.996,-12.8,15.0,23.8,9.728,26.916,-42.979,1.83,3.68,2.0,1.887,-112.017,-5.046,86.24,-1.084,0.0,50.0,6.355,7.94,-8.88,84.0,14.0,*B,B,CU,55,0.0,2015000008.0,0.0,0.0,1.0,1.0,0.0,0.0,1.0,-0.8001666666666667,3.6730000000000005,519203,Strikeout,201500001,1,2,1,R,425794,L,False
26,-0.17,3.196,88.0,81.8,1379.187,154.203,-14.5,5.4,23.8,5.336,24.742,-21.135,1.66,3.59,2.0,1.834,-128.975,-3.696,123.48,-1.297,152.49,50.0,6.262,3.14,6.46,31.0,2.0,S,S,FC,56,0.0,2015000008.0,1.0,0.0,1.0,2.0,0.0,0.0,1.0,-0.9951666666666665,4.190666666666667,519203,Strikeout,201500001,1,2,1,R,425794,L,False
27,0.815,2.319,91.8,83.7,2087.685,182.419,-1.3,3.3,23.7,-0.816,32.19,-12.872,1.83,3.74,2.0,4.934,-134.254,-7.747,85.93,-0.997,176.17,50.0,6.181,-0.45,10.66,52.0,14.0,C,S,FF,57,0.0,2015000008.0,1.0,1.0,1.0,3.0,0.0,0.0,1.0,-0.05350000000000003,3.361666666666667,519203,Strikeout,201500001,1,2,1,R,425794,L,False
28,0.937,-0.95,77.6,71.2,1808.845,31.343,-9.7,15.0,23.8,7.366,27.943,-44.268,1.77,3.54,2.0,2.753,-113.575,-6.049,81.28,-1.066,0.0,50.0,6.332,5.86,-9.67,38.0,14.0,*B,B,CU,58,0.0,2015000008.0,1.0,2.0,1.0,4.0,0.0,0.0,1.0,-0.5528333333333333,3.496833333333333,519203,Strikeout,201500001,1,2,1,R,425794,L,False
29,-1.227,1.872,84.3,78.2,732.443,123.52,-9.9,7.9,23.8,5.201,24.571,-28.729,1.78,3.59,2.0,-0.217,-123.568,-4.58,163.77,-1.575,188.24,50.0,6.163,3.36,2.18,58.0,13.0,C,S,FC,59,0.0,2015000008.0,2.0,2.0,1.0,5.0,0.0,0.0,1.0,-1.681,3.8358333333333334,519203,Strikeout,201500001,1,2,1,R,425794,L,False
30,1.257,0.52,88.8,82.1,1610.381,163.057,-14.2,5.1,23.8,4.194,27.699,-18.408,1.62,3.47,2.0,5.314,-129.645,-10.67,69.09,-1.142,224.74,50.0,6.1,2.47,8.06,60.0,14.0,*B,B,FC,63,0.0,2015000009.0,0.0,0.0,2.0,1.0,0.0,0.0,1.0,-0.14833333333333334,2.6383333333333328,516770,Groundout,201500001,1,3,1,R,425794,R,False
31,0.677,0.901,76.0,69.6,1897.061,41.377,-12.9,14.9,23.8,9.627,25.703,-43.102,1.54,3.37,2.0,1.985,-111.376,-2.062,91.19,-1.259,214.45,50.0,6.425,7.91,-9.04,34.0,14.0,B,B,CU,64,0.0,2015000009.0,1.0,0.0,2.0,2.0,0.0,0.0,1.0,-0.9501666666666666,4.416333333333333,516770,Groundout,201500001,1,3,1,R,425794,R,False
32,0.346,2.334,91.7,84.6,1753.962,195.894,11.2,4.1,23.8,-4.443,28.686,-16.572,1.54,3.37,2.0,4.383,-134.182,-6.738,103.81,-0.992,175.76,50.0,6.056,-2.43,8.51,30.0,6.0,F,S,FF,65,0.0,2015000009.0,2.0,0.0,2.0,3.0,0.0,0.0,1.0,-0.1205,3.485833333333334,516770,Groundout,201500001,1,3,1,R,425794,R,False
33,0.2,2.215,87.5,80.7,845.565,144.013,-10.3,6.8,23.8,4.39,27.447,-26.129,1.54,3.37,2.0,2.848,-128.182,-4.976,109.38,-1.271,178.98,50.0,6.231,2.65,3.6,32.0,5.0,X,X,FC,66,0.0,2015000009.0,2.0,1.0,2.0,4.0,0.0,0.0,1.0,-0.7563333333333333,3.923,516770,Groundout,201500001,1,3,1,R,425794,R,False
34,0.598,3.51,87.3,80.6,1712.225,161.503,-11.6,4.5,23.8,4.792,25.494,-17.851,1.57,3.51,2.0,-5.401,-127.972,-1.564,94.21,2.358,144.01,50.0,5.522,2.88,8.56,70.0,3.0,B,B,FC,72,1.0,2015000010.0,0.0,0.0,0.0,1.0,0.0,0.0,0.0,1.238,3.8026666666666666,425877,Strikeout,201500001,2,1,0,L,452657,R,True
35,-0.195,2.613,86.9,80.2,1433.995,159.291,-8.5,5.2,23.8,4.448,25.684,-20.409,1.57,3.51,2.0,-6.796,-127.25,-3.076,124.43,2.157,168.23,50.0,5.45,2.71,7.12,24.0,5.0,S,S,FC,73,1.0,2015000010.0,1.0,0.0,0.0,2.0,0.0,0.0,0.0,0.7551666666666667,3.438166666666667,425877,Strikeout,201500001,2,1,0,L,452657,R,True
36,-0.028,1.778,83.1,76.2,2146.28,111.976,-29.8,8.2,23.8,16.668,25.539,-25.448,1.57,3.51,2.0,-8.545,-121.495,-3.271,118.07,2.088,190.77,50.0,5.372,11.24,4.49,29.0,8.0,S,S,CH,74,1.0,2015000010.0,1.0,1.0,0.0,3.0,0.0,0.0,0.0,0.09333333333333338,3.2008333333333336,425877,Strikeout,201500001,2,1,0,L,452657,R,True
37,1.253,2.26,91.4,83.5,2597.251,156.275,-36.5,3.3,23.7,9.645,31.108,-10.23,1.57,3.51,2.0,-4.54,-133.893,-6.073,69.24,2.282,177.76,50.0,5.302,5.36,12.15,54.0,14.0,S,S,FF,75,1.0,2015000010.0,1.0,2.0,0.0,4.0,0.0,0.0,0.0,1.3208333333333333,2.7684999999999995,425877,Strikeout,201500001,2,1,0,L,452657,R,True
38,-0.514,2.545,91.2,83.9,2094.366,151.332,-24.7,4.0,23.8,9.239,28.471,-15.277,1.45,3.13,2.0,-8.571,-133.401,-4.362,136.59,2.074,170.07,50.0,5.301,5.12,9.33,58.0,4.0,S,S,FF,79,1.0,2015000011.0,0.0,0.0,1.0,1.0,0.0,0.0,0.0,0.3533333333333332,3.1455,543939,Walk,201500001,2,1,0,L,452657,L,True
39,-1.487,1.782,92.8,84.6,2237.375,150.452,-26.4,3.8,23.7,10.304,32.465,-13.998,1.45,3.13,2.0,-11.109,-135.48,-6.578,173.68,1.958,190.67,50.0,5.239,5.6,9.84,29.0,13.0,B,B,FF,80,1.0,2015000011.0,0.0,1.0,1.0,2.0,0.0,0.0,0.0,-0.2311666666666667,2.6905,543939,Walk,201500001,2,1,0,L,452657,L,True
40,-1.33,3.179,75.6,70.4,1229.422,282.356,16.5,11.5,23.9,-9.162,19.22,-34.181,1.45,3.13,2.0,-5.736,-110.68,2.482,167.7,2.249,152.95,50.0,5.615,-7.36,-1.67,26.0,11.0,B,B,CU,81,1.0,2015000011.0,1.0,1.0,1.0,3.0,0.0,0.0,0.0,1.0728333333333335,4.5361666666666665,543939,Walk,201500001,2,1,0,L,452657,L,True
41,-0.509,1.303,91.7,84.0,2332.634,149.689,-30.3,4.0,23.8,10.871,30.201,-13.58,1.45,3.13,2.0,-8.858,-133.96,-7.628,136.4,2.067,203.6,50.0,5.167,6.01,10.24,53.0,13.0,B,B,FF,82,1.0,2015000011.0,2.0,1.0,1.0,4.0,0.0,0.0,0.0,0.2781666666666668,2.3816666666666664,543939,Walk,201500001,2,1,0,L,452657,L,True
42,-0.201,2.143,90.4,83.2,2287.022,160.086,-22.0,3.4,23.8,7.103,28.198,-12.569,1.45,3.13,2.0,-7.405,-132.276,-5.747,124.66,2.114,180.92,50.0,5.266,4.01,11.02,29.0,5.0,S,S,FF,83,1.0,2015000011.0,3.0,1.0,1.0,5.0,0.0,0.0,0.0,0.6223333333333332,2.7861666666666665,543939,Walk,201500001,2,1,0,L,452657,L,True
43,0.249,1.977,91.4,83.4,2533.431,156.756,-32.0,3.3,23.7,9.214,31.105,-10.723,1.45,3.13,2.0,-6.799,-133.693,-6.666,107.51,2.168,185.4,50.0,5.287,5.13,11.91,34.0,9.0,F,S,FF,84,1.0,2015000011.0,3.0,2.0,1.0,6.0,0.0,0.0,0.0,0.7810000000000001,2.6395,543939,Walk,201500001,2,1,0,L,452657,L,True
44,0.658,3.823,89.0,81.7,2192.353,152.912,-27.7,4.0,23.8,8.971,27.738,-14.635,1.45,3.13,2.0,-5.457,-130.365,-1.277,91.92,2.102,135.56,50.0,5.426,5.22,10.16,42.0,12.0,B,B,FF,85,1.0,2015000011.0,3.0,2.0,1.0,7.0,0.0,0.0,0.0,0.9449999999999998,3.7778333333333336,543939,Walk,201500001,2,1,0,L,452657,L,True
45,-0.326,2.904,90.5,82.4,2584.797,147.841,-38.9,3.9,23.7,12.556,31.027,-12.205,1.58,3.49,2.0,-8.563,-132.396,-3.854,129.43,2.037,160.37,50.0,5.286,7.15,11.33,53.0,1.0,F,S,FF,89,1.0,2015000012.0,0.0,0.0,1.0,1.0,1.0,0.0,0.0,0.2596666666666666,3.150833333333333,445055,Single,201500001,2,1,0,L,452657,L,True
46,-0.335,2.322,90.7,82.5,2622.222,151.059,-37.4,3.6,23.7,11.599,31.646,-11.199,1.58,3.49,2.0,-8.659,-132.609,-5.511,129.77,2.135,176.09,50.0,5.263,6.6,11.89,34.0,4.0,F,S,FF,90,1.0,2015000012.0,0.0,1.0,1.0,2.0,1.0,0.0,0.0,0.35,2.8016666666666667,445055,Single,201500001,2,1,0,L,452657,L,True
47,-0.432,2.444,86.8,80.7,1080.777,172.506,-0.0,5.7,23.9,1.235,23.762,-22.788,1.58,3.49,2.0,-6.915,-127.079,-2.68,133.47,2.216,172.79,50.0,5.305,0.75,5.64,38.0,4.0,D,X,FC,91,1.0,2015000012.0,0.0,2.0,1.0,3.0,1.0,0.0,0.0,0.8295000000000001,3.4044999999999996,445055,Single,201500001,2,1,0,L,452657,L,True
48,-0.311,2.22,91.9,83.7,2342.424,156.127,-26.7,3.5,23.7,8.784,32.32,-12.328,1.64,3.61,2.0,-8.019,-134.418,-5.822,128.85,2.096,178.84,50.0,5.309,4.86,10.93,53.0,7.0,L,S,FF,97,1.0,2015000013.0,0.0,0.0,1.0,1.0,1.0,0.0,1.0,0.48750000000000004,2.853666666666667,425794,Strikeout,201500001,2,2,0,L,452657,R,True
49,-0.158,1.295,88.4,81.7,1098.023,161.754,-4.2,5.8,23.8,3.065,26.943,-22.878,1.64,3.61,0.693,-6.822,-129.329,-5.535,123.02,2.279,203.82,50.0,5.217,1.81,5.44,45.0,13.0,L,S,FC,98,1.0,2015000013.0,0.0,1.0,1.0,2.0,1.0,0.0,1.0,0.9096666666666666,2.802666666666666,425794,Strikeout,201500001,2,2,0,L,452657,R,True
50,-0.614,3.961,89.6,81.6,2032.072,160.325,-15.9,3.7,23.7,6.188,30.718,-14.869,1.64,3.61,2.0,-8.15,-131.209,-0.927,140.4,2.082,131.83,50.0,5.44,3.59,10.0,56.0,11.0,F,S,FF,99,1.0,2015000013.0,0.0,2.0,1.0,3.0,1.0,0.0,1.0,0.43483333333333335,3.8671666666666664,425794,Strikeout,201500001,2,2,0,L,452657,R,True
51,-0.332,1.432,86.8,81.3,1179.409,181.141,3.1,5.5,23.9,-0.206,22.255,-21.85,1.64,3.61,2.0,-6.477,-127.02,-5.31,129.66,2.25,200.12,50.0,5.251,-0.12,6.18,52.0,13.0,F,S,FC,100,1.0,2015000013.0,0.0,2.0,1.0,4.0,1.0,0.0,1.0,0.969,2.8265,425794,Strikeout,201500001,2,2,0,L,452657,R,True
52,-1.008,1.418,75.0,69.2,1080.44,292.267,13.4,12.3,23.8,-7.571,22.025,-35.274,1.64,3.61,2.0,-5.365,-109.853,-0.542,155.42,2.294,200.49,50.0,5.464,-6.28,-2.64,60.0,13.0,F,S,CU,101,1.0,2015000013.0,0.0,2.0,1.0,5.0,1.0,0.0,1.0,1.1663333333333332,3.6610000000000005,425794,Strikeout,201500001,2,2,0,L,452657,R,True
53,1.238,2.573,90.5,82.9,2338.021,157.376,-28.4,3.5,23.8,8.222,29.874,-12.447,1.64,3.61,2.0,-4.248,-132.616,-4.655,69.81,2.262,169.31,50.0,5.267,4.64,11.1,44.0,14.0,C,S,FF,102,1.0,2015000013.0,0.0,2.0,1.0,6.0,1.0,0.0,1.0,1.3633333333333333,2.995,425794,Strikeout,201500001,2,2,0,L,452657,R,True
54,-0.389,2.689,87.5,80.9,1012.597,177.054,2.1,5.8,23.8,0.46,25.799,-23.24,1.72,3.56,2.0,-6.868,-128.17,-2.081,131.83,2.287,166.18,50.0,5.321,0.28,5.31,46.0,4.0,E,X,FC,106,1.0,2015000014.0,0.0,0.0,2.0,1.0,1.0,0.0,1.0,0.9256666666666666,3.5625,572761,Single,201500001,2,2,0,L,452657,L,True
55,-1.109,3.594,88.1,80.7,2233.57,144.455,-29.9,4.6,23.8,11.532,27.576,-16.034,1.59,3.45,2.0,-10.127,-128.845,-1.325,159.27,1.984,141.74,50.0,5.359,6.88,9.59,83.0,11.0,B,B,FF,114,2.0,2015000015.0,0.0,0.0,2.0,1.0,1.0,0.0,1.0,-0.13583333333333336,3.677333333333333,518792,Runner Out,201500001,2,3,0,L,452657,L,True
56,0.583,3.549,85.0,78.8,990.102,144.92,-12.0,6.7,23.8,4.886,23.909,-25.217,1.47,3.27,2.0,3.139,-124.569,-1.855,94.78,-1.093,142.96,50.0,6.378,3.09,4.36,71.0,12.0,B,B,FC,121,0.0,2015000016.0,0.0,0.0,0.0,1.0,0.0,0.0,0.0,-0.5125,4.6001666666666665,458085,Double,201500001,2,0,2,R,425794,L,False
57,-1.193,2.679,90.0,82.4,1948.686,182.86,3.3,3.7,23.8,-0.884,29.811,-14.491,1.47,3.27,2.0,-0.189,-131.813,-6.19,162.47,-1.054,166.45,50.0,6.14,-0.51,10.08,50.0,11.0,B,B,FF,122,0.0,2015000016.0,1.0,0.0,0.0,2.0,0.0,0.0,0.0,-1.081,3.5694999999999997,458085,Double,201500001,2,0,2,R,425794,L,False
58,-0.22,2.078,87.2,80.8,1486.072,159.272,-13.0,5.3,23.8,4.629,25.508,-19.943,1.47,3.27,2.0,1.505,-127.671,-6.276,125.39,-1.179,182.67,50.0,6.13,2.8,7.34,34.0,5.0,D,X,FC,123,0.0,2015000016.0,2.0,0.0,0.0,3.0,0.0,0.0,0.0,-0.9328333333333333,3.4923333333333333,458085,Double,201500001,2,0,2,R,425794,L,False
59,-0.869,0.48,90.0,82.2,2515.142,224.492,39.2,5.6,23.7,-15.969,31.092,-15.92,1.57,3.5,0.898,4.175,-131.434,-10.949,150.12,-1.288,225.82,50.0,5.916,-9.24,9.37,62.0,13.0,*B,B,SI,127,0.0,2015000017.0,0.0,0.0,0.0,1.0,0.0,1.0,0.0,-0.3085,2.417166666666667,592609,Strikeout,201500001,2,1,2,R,425794,R,False
60,0.071,1.899,86.2,80.6,1162.937,150.262,-12.4,6.2,23.9,5.02,22.689,-23.387,1.57,3.5,2.0,2.27,-126.247,-6.068,114.29,-1.236,187.51,50.0,6.184,3.07,5.33,28.0,8.0,F,S,FC,128,0.0,2015000017.0,1.0,0.0,0.0,2.0,0.0,1.0,0.0,-0.8383333333333334,3.5973333333333333,592609,Strikeout,201500001,2,1,2,R,425794,R,False
61,-0.652,3.016,89.3,82.2,1835.761,181.605,0.4,3.9,23.8,-0.464,27.688,-15.631,1.57,3.5,2.0,1.776,-130.789,-5.263,141.85,-1.305,157.35,50.0,6.227,-0.27,9.51,47.0,1.0,C,S,FF,129,0.0,2015000017.0,1.0,1.0,0.0,3.0,0.0,1.0,0.0,-0.956,3.829,592609,Strikeout,201500001,2,1,2,R,425794,R,False
62,1.62,-1.66,78.2,72.1,1940.961,38.866,-12.5,14.9,23.8,9.599,27.694,-44.084,1.57,3.5,2.0,3.674,-114.336,-7.577,55.25,-1.0,0.0,50.0,6.196,7.5,-9.37,12.0,14.0,*B,B,CU,130,0.0,2015000017.0,1.0,2.0,0.0,4.0,0.0,1.0,0.0,-0.31499999999999995,3.048833333333333,592609,Strikeout,201500001,2,1,2,R,425794,R,False
63,-1.574,2.154,83.5,77.5,668.029,116.297,-9.2,8.2,23.8,5.055,23.828,-29.676,1.57,3.5,2.0,-0.865,-122.454,-3.709,177.0,-1.648,180.62,50.0,6.223,3.32,1.59,22.0,13.0,B,B,FC,131,0.0,2015000017.0,2.0,2.0,0.0,5.0,0.0,1.0,0.0,-1.8876666666666666,4.055999999999999,592609,Strikeout,201500001,2,1,2,R,425794,R,False
64,0.031,2.166,91.3,83.3,1913.928,183.073,0.8,3.7,23.7,-0.946,31.895,-14.565,1.57,3.5,2.0,3.182,-133.671,-7.344,89.23092377839309,-1.112,178.55987018800357,50.0,6.018,-0.53,9.8,24.0,8.0,F,S,FF,132,0.0,2015000017.0,3.0,2.0,0.0,6.0,0.0,1.0,0.0,-0.4963333333333334,3.2753333333333328,592609,Strikeout,201500001,2,1,2,R,425794,R,False
65,1.578,0.829,76.6,70.8,1862.386,39.747,-12.6,14.6,23.8,9.213,24.205,-43.252,1.57,3.5,2.0,3.62,-112.24,-2.399,98.271959775978,-1.024,231.69102506714407,50.0,6.402,7.37,-8.93,12.0,14.0,W,S,CU,133,0.0,2015000017.0,3.0,2.0,0.0,7.0,0.0,1.0,0.0,-0.3371666666666666,4.359666666666667,592609,Strikeout,201500001,2,1,2,R,425794,R,False
66,0.865,2.673,86.7,80.3,1210.334,155.684,-12.4,5.9,23.8,4.362,25.401,-22.521,1.67,3.67,2.0,4.297,-126.972,-4.653,84.03,-1.193,166.61,50.0,6.315,2.67,5.85,62.0,12.0,F,S,FC,137,0.0,2015000018.0,0.0,0.0,1.0,1.0,0.0,1.0,0.0,-0.38650000000000007,4.0065,424325,Flyout,201500001,2,2,2,R,425794,R,False
67,0.487,2.332,89.2,81.8,1675.017,190.16,5.3,4.5,23.8,-2.659,29.152,-17.339,1.67,3.67,2.0,4.333,-130.538,-6.559,98.44,-0.997,175.82,50.0,6.196,-1.55,8.61,38.0,9.0,X,X,FF,138,0.0,2015000018.0,0.0,1.0,1.0,2.0,0.0,1.0,0.0,-0.12583333333333332,3.5464999999999995,424325,Flyout,201500001,2,2,2,R,425794,R,False
68,0.38,2.801,86.7,79.7,1701.467,163.563,-14.4,4.9,23.8,4.213,27.025,-17.895,1.63,3.62,2.0,3.235,-126.941,-5.19,102.52,-1.249,163.15,50.0,6.306,2.59,8.74,48.0,6.0,C,S,FC,143,0.0,2015000019.0,0.0,0.0,2.0,1.0,0.0,0.0,1.0,-0.6503333333333334,3.825166666666666,452657,Strikeout,201500001,2,3,2,R,425794,L,False
69,-0.126,3.072,86.3,80.1,1105.252,165.136,-7.0,5.9,23.8,2.472,24.4,-22.861,1.63,3.62,2.0,2.326,-126.478,-3.688,121.8,-1.252,155.84,50.0,6.37,1.52,5.67,28.0,2.0,F,S,FC,144,0.0,2015000019.0,0.0,1.0,2.0,2.0,0.0,0.0,1.0,-0.8156666666666668,4.2485,452657,Strikeout,201500001,2,3,2,R,425794,L,False
70,-0.317,2.771,89.7,82.9,1371.679,177.918,-2.2,4.8,23.8,0.452,27.594,-19.753,1.63,3.62,2.0,1.767,-131.46,-5.197,129.08,-1.032,163.96,50.0,6.238,0.26,7.05,29.0,4.0,C,S,FF,145,0.0,2015000019.0,0.0,2.0,2.0,3.0,0.0,0.0,1.0,-0.6961666666666666,3.9170000000000003,452657,Strikeout,201500001,2,3,2,R,425794,L,False
71,0.088,2.468,91.1,83.2,2642.51,140.802,-42.9,4.5,23.7,15.342,30.581,-13.362,1.59,3.45,2.0,-8.308,-133.273,-5.018,113.65,2.14,172.14,50.0,5.351,8.59,10.49,39.0,5.0,D,X,FF,151,2.0,2015000020.0,0.0,0.0,0.0,1.0,0.0,0.0,0.0,0.3981666666666668,3.0353333333333334,518792,Double,201500001,3,0,0,L,452657,L,True
72,-0.648,4.525,90.5,83.0,2001.108,145.492,-26.4,4.3,23.8,10.348,28.651,-17.123,1.82,3.67,2.0,-8.91,-132.42,0.689,141.7,2.004,116.6,50.0,5.516,5.84,8.45,57.0,11.0,B,B,FF,155,2.0,2015000021.0,0.0,0.0,0.0,1.0,0.0,1.0,0.0,0.1913333333333333,4.316333333333334,407812,Groundout,201500001,3,1,0,L,452657,R,True
73,0.975,3.347,90.5,82.7,1909.726,146.218,-25.2,4.6,23.7,9.702,30.203,-17.672,1.82,3.67,2.0,-5.27,-132.55,-1.932,79.84,2.282,148.41,50.0,5.385,5.49,8.17,59.0,12.0,B,B,FF,156,2.0,2015000021.0,1.0,0.0,0.0,2.0,0.0,1.0,0.0,1.171,3.6851666666666665,407812,Groundout,201500001,3,1,0,L,452657,R,True
74,-0.107,1.958,87.2,81.6,1359.572,188.355,7.2,5.1,23.9,-1.74,22.686,-20.329,1.82,3.67,2.0,-5.571,-127.753,-4.585,121.08,2.224,185.91,50.0,5.344,-1.04,7.02,39.0,8.0,F,S,FC,157,2.0,2015000021.0,2.0,0.0,0.0,3.0,0.0,1.0,0.0,1.1451666666666667,3.0660000000000003,407812,Groundout,201500001,3,1,0,L,452657,R,True
75,1.024,3.08,86.8,80.0,1058.938,208.298,11.6,6.1,23.8,-4.406,26.677,-23.991,1.82,3.67,2.0,-2.774,-127.328,-1.06,77.97,2.478,155.62,50.0,5.404,-2.69,4.95,51.0,12.0,C,S,FC,158,2.0,2015000021.0,2.0,1.0,0.0,4.0,0.0,1.0,0.0,1.9751666666666667,3.8295,407812,Groundout,201500001,3,1,0,L,452657,R,True
76,-0.763,1.451,76.1,69.9,1403.229,282.47,18.0,12.0,23.8,-10.527,23.549,-34.502,1.82,3.67,2.0,-4.344,-111.467,-0.958,146.08,2.33,199.6,50.0,5.508,-8.53,-1.95,56.0,13.0,F,S,CU,159,2.0,2015000021.0,2.0,2.0,0.0,5.0,0.0,1.0,0.0,1.4943333333333335,3.642,407812,Groundout,201500001,3,1,0,L,452657,R,True
77,0.705,2.215,91.8,83.9,2175.138,143.832,-31.5,4.5,23.7,11.896,31.417,-15.902,1.82,3.67,2.0,-6.258,-134.442,-5.19,90.13,2.221,178.98,50.0,5.314,6.55,8.92,49.0,9.0,F,S,FF,160,2.0,2015000021.0,2.0,2.0,0.0,6.0,0.0,1.0,0.0,0.9171666666666668,3.021166666666667,407812,Groundout,201500001,3,1,0,L,452657,R,True
78,-0.382,2.414,88.8,82.0,1090.88,155.579,-6.2,5.7,23.8,4.041,26.891,-23.275,1.82,3.67,2.0,-7.309,-129.98,-3.001,131.56,2.158,173.6,50.0,5.348,2.36,5.15,40.0,7.0,X,X,FC,161,2.0,2015000021.0,2.0,2.0,0.0,7.0,0.0,1.0,0.0,0.6913333333333332,3.4518333333333335,407812,Groundout,201500001,3,1,0,L,452657,R,True
79,-0.042,1.848,76.0,69.9,1013.917,274.378,14.2,11.1,23.8,-7.759,22.369,-32.768,1.73,3.68,2.0,-3.336,-111.346,-0.578,118.6,2.295,188.88,50.0,5.539,-6.26,-0.54,72.0,8.0,C,S,CU,166,2.0,2015000022.0,0.0,0.0,1.0,1.0,0.0,0.0,1.0,1.6481666666666666,3.7384999999999997,425509,Strikeout,201500001,3,2,0,L,452657,R,True
80,-0.828,2.55,88.6,81.8,1135.156,178.646,3.2,5.4,23.8,0.24,26.693,-22.033,1.73,3.68,2.0,-7.767,-129.643,-2.912,148.56,2.186,169.93,50.0,5.366,0.14,5.91,46.0,13.0,F,S,FC,167,2.0,2015000022.0,0.0,1.0,1.0,2.0,0.0,0.0,1.0,0.6673333333333333,3.4654999999999996,425509,Strikeout,201500001,3,2,0,L,452657,R,True
81,-0.132,3.738,91.3,83.1,2140.749,141.918,-31.1,4.5,23.7,12.162,31.749,-16.654,1.73,3.68,2.0,-8.192,-133.626,-1.231,122.03,2.105,137.85,50.0,5.414,6.8,8.64,39.0,11.0,B,B,FF,168,2.0,2015000022.0,0.0,2.0,1.0,3.0,0.0,0.0,1.0,0.4198333333333333,3.8559999999999994,425509,Strikeout,201500001,3,2,0,L,452657,R,True
82,1.184,2.626,92.1,84.1,2299.373,151.83,-32.0,3.8,23.7,10.093,31.549,-13.328,1.73,3.7,2.0,-4.766,-134.887,-4.655,71.87,2.263,167.88,50.0,5.326,5.52,10.27,49.0,14.0,C,S,FF,169,2.0,2015000022.0,1.0,2.0,1.0,4.0,0.0,0.0,1.0,1.2635,3.1201666666666665,425509,Strikeout,201500001,3,2,0,L,452657,R,True
83,-0.838,3.593,75.6,69.9,1244.061,276.97,17.3,11.3,23.8,-9.431,20.546,-33.327,1.68,3.57,2.0,-4.802,-110.8,3.25,148.94,2.35,141.77,50.0,5.599,-7.62,-0.99,100.0,11.0,B,B,CU,173,2.0,2015000023.0,0.0,0.0,2.0,1.0,0.0,0.0,1.0,1.391,4.6785,571431,Groundout,201500001,3,3,0,L,452657,L,True
84,-1.482,1.956,73.5,68.1,1211.773,283.178,15.8,12.4,23.8,-8.751,20.121,-34.223,1.68,3.57,2.0,-5.876,-107.604,0.537,173.49,2.27,185.97,50.0,5.52,-7.53,-1.83,20.0,13.0,B,B,CU,174,2.0,2015000023.0,1.0,0.0,2.0,2.0,0.0,0.0,1.0,1.0215,3.8904999999999994,571431,Groundout,201500001,3,3,0,L,452657,L,True
85,-0.683,2.866,86.3,79.9,907.556,184.724,4.6,6.2,23.8,-0.651,24.748,-24.3,1.68,3.57,2.0,-7.284,-126.3,-1.441,143.03,2.285,161.4,50.0,5.39,-0.4,4.81,43.0,4.0,X,X,FC,175,2.0,2015000023.0,2.0,0.0,2.0,3.0,0.0,0.0,1.0,0.8343333333333334,3.7271666666666667,571431,Groundout,201500001,3,3,0,L,452657,L,True
86,-0.951,3.113,87.2,80.6,1841.013,213.736,23.6,5.2,23.8,-9.004,25.618,-18.692,1.52,3.39,2.0,2.688,-127.758,-3.923,153.25,-1.31,154.73,50.0,6.132,-5.43,8.09,76.0,11.0,B,B,FF,181,0.0,2015000024.0,0.0,0.0,0.0,1.0,0.0,0.0,0.0,-0.6780000000000002,3.948333333333333,600303,Single,201500001,3,0,2,R,425794,L,False
87,1.099,1.567,86.4,80.5,1722.073,184.334,0.6,4.6,23.9,-1.134,23.288,-17.219,1.52,3.39,2.0,5.471,-126.352,-7.951,75.11,-0.995,196.47,50.0,6.112,-0.69,9.11,66.0,14.0,B,B,FC,182,0.0,2015000024.0,1.0,0.0,0.0,2.0,0.0,0.0,0.0,0.10949999999999999,3.0803333333333334,600303,Single,201500001,3,0,2,R,425794,L,False
88,0.086,1.888,88.6,81.3,1921.532,202.213,17.4,4.5,23.8,-6.493,28.872,-16.275,1.52,3.39,2.0,4.085,-129.664,-7.572,113.72,-1.016,187.8,50.0,6.103,-3.84,9.36,29.0,8.0,C,S,FF,183,0.0,2015000024.0,2.0,0.0,0.0,3.0,0.0,0.0,0.0,-0.14500000000000002,3.2155,600303,Single,201500001,3,0,2,R,425794,L,False
89,0.83,2.09,85.9,80.1,1587.679,171.709,-7.9,5.0,23.9,1.985,22.851,-18.555,1.52,3.39,2.0,4.499,-125.762,-6.412,85.36,-1.133,182.35,50.0,6.152,1.23,8.36,56.0,14.0,F,S,FC,184,0.0,2015000024.0,2.0,1.0,0.0,4.0,0.0,0.0,0.0,-0.254,3.4243333333333337,600303,Single,201500001,3,0,2,R,425794,L,False
90,0.919,-0.02,75.6,69.8,2050.637,31.738,-10.6,15.8,23.8,8.241,25.064,-45.497,1.52,3.39,2.0,2.435,-110.832,-3.245,81.97,-1.088,239.32,50.0,6.347,6.82,-11.09,41.0,14.0,B,B,CU,185,0.0,2015000024.0,2.0,2.0,0.0,5.0,0.0,0.0,0.0,-0.6528333333333334,4.087666666666667,600303,Single,201500001,3,0,2,R,425794,L,False
91,-0.027,3.449,89.2,82.1,1936.139,197.868,15.6,4.0,23.8,-5.351,27.695,-15.577,1.52,3.39,2.0,3.68,-130.668,-3.996,118.03,-1.052,145.66,50.0,6.169,-3.1,9.56,34.0,11.0,F,S,FF,186,0.0,2015000024.0,3.0,2.0,0.0,6.0,0.0,0.0,0.0,-0.2811666666666666,4.012333333333332,600303,Single,201500001,3,0,2,R,425794,L,False
92,0.271,2.746,86.5,80.7,1183.163,169.242,-6.2,5.6,23.9,1.929,23.119,-22.023,1.52,3.39,2.0,3.157,-126.698,-4.41,106.67,-1.138,164.64,50.0,6.244,1.17,6.13,36.0,6.0,D,X,FC,187,0.0,2015000024.0,3.0,2.0,0.0,7.0,0.0,0.0,0.0,-0.5309999999999999,3.984166666666667,600303,Single,201500001,3,0,2,R,425794,L,False
93,0.35,3.234,88.7,82.1,1962.235,176.353,-6.5,3.7,23.8,1.119,25.997,-14.626,1.69,3.76,2.0,3.391,-130.005,-5.058,103.66,-1.053,151.46,50.0,6.306,0.65,10.16,53.0,3.0,C,S,FC,191,0.0,2015000025.0,0.0,0.0,0.0,1.0,1.0,0.0,0.0,-0.4056666666666666,3.923333333333333,451594,Flyout,201500001,3,1,2,R,425794,L,False
94,-0.594,1.566,74.9,67.9,1944.848,50.18,-14.9,15.0,23.7,11.314,26.596,-41.607,1.69,3.76,2.0,-0.677,-109.884,-0.824,139.64,-1.519,196.5,50.0,6.522,9.63,-8.09,51.0,13.0,B,B,CU,192,0.0,2015000025.0,0.0,1.0,0.0,2.0,1.0,0.0,0.0,-1.859,4.718166666666667,451594,Flyout,201500001,3,1,2,R,425794,L,False
95,0.112,3.144,85.7,79.9,1424.401,160.322,-12.1,5.4,23.9,4.152,22.757,-20.565,1.69,3.76,2.0,2.405,-125.575,-3.763,112.73,-1.188,153.89,50.0,6.312,2.57,7.14,26.0,2.0,F,S,FC,193,0.0,2015000025.0,1.0,1.0,0.0,3.0,1.0,0.0,0.0,-0.7521666666666665,4.133,451594,Flyout,201500001,3,1,2,R,425794,L,False
96,-0.219,0.348,76.6,71.0,2023.814,34.761,-11.0,15.1,23.8,8.935,24.281,-45.048,1.69,3.76,2.0,0.069,-112.337,-3.036,125.35,-1.174,229.38,50.0,6.389,7.14,-10.35,19.0,13.0,*B,B,CU,194,0.0,2015000025.0,1.0,2.0,0.0,4.0,1.0,0.0,0.0,-1.2915,4.231,451594,Flyout,201500001,3,1,2,R,425794,L,False
97,-0.342,1.056,76.6,70.5,1961.332,36.112,-11.2,14.9,23.8,8.948,24.903,-44.439,1.69,3.76,2.0,-0.13,-112.301,-1.824,130.04,-1.211,210.27,50.0,6.5,7.18,-9.9,20.0,13.0,B,B,CU,195,0.0,2015000025.0,2.0,2.0,0.0,5.0,1.0,0.0,0.0,-1.3748333333333334,4.603,451594,Flyout,201500001,3,1,2,R,425794,L,False
98,0.255,3.166,90.0,82.9,2160.492,189.62,10.2,3.3,23.8,-3.28,27.735,-12.827,1.69,3.76,2.0,3.808,-131.77,-5.475,107.28,-0.967,153.3,50.0,6.217,-1.86,10.95,32.0,3.0,X,X,FF,197,0.0,2015000025.0,3.0,2.0,0.0,6.0,1.0,0.0,0.0,-0.20099999999999998,3.7789999999999995,451594,Flyout,201500001,3,1,2,R,425794,L,False
99,0.941,1.441,73.9,67.5,2123.141,45.533,-15.0,16.0,23.7,11.322,25.163,-43.287,1.61,3.59,2.0,1.969,-108.406,-0.534,81.13,-1.266,199.87,50.0,6.562,9.86,-9.74,100.0,14.0,S,S,CU,201,0.0,2015000026.0,0.0,0.0,1.0,1.0,1.0,0.0,0.0,-0.9841666666666666,4.813166666666667,624585,Strikeout,201500001,3,2,2,R,425794,R,False
100,0.744,0.732,76.7,70.4,1944.26,38.778,-12.4,14.9,23.8,9.433,25.998,-43.915,1.61,3.59,2.0,2.151,-112.383,-2.4,88.64,-1.22,219.02,50.0,6.401,7.6,-9.52,34.0,14.0,*B,B,CU,205,0.0,2015000026.0,0.0,1.0,1.0,2.0,0.0,1.0,0.0,-0.8713333333333333,4.3598333333333334,624585,Strikeout,201500001,3,2,2,R,425794,R,False
101,0.949,2.591,86.1,80.1,1452.443,160.995,-12.9,5.4,23.9,4.112,23.797,-20.236,1.61,3.59,2.0,4.19,-126.119,-5.131,80.83,-1.058,168.82,50.0,6.267,2.53,7.31,45.0,14.0,C,S,FC,206,0.0,2015000026.0,1.0,1.0,1.0,3.0,0.0,1.0,0.0,-0.26533333333333337,3.8198333333333334,624585,Strikeout,201500001,3,2,2,R,425794,R,False
102,1.19,2.71,77.1,70.3,2066.481,40.72,-14.0,14.7,23.7,10.503,26.1,-44.376,1.61,3.59,2.0,2.67,-113.029,1.665,71.64,-1.101,165.61,50.0,6.52,8.36,-9.77,41.0,12.0,B,B,CU,207,0.0,2015000026.0,1.0,2.0,1.0,4.0,0.0,1.0,0.0,-0.6521666666666667,5.429166666666667,624585,Strikeout,201500001,3,2,2,R,425794,R,False
103,0.516,1.757,76.7,70.2,1961.29,37.853,-12.2,14.8,23.7,9.327,25.76,-44.175,1.61,3.59,2.0,1.54,-112.43,-0.235,97.33,-1.155,191.34,50.0,6.456,7.5,-9.71,41.0,9.0,F,S,CU,208,0.0,2015000026.0,2.0,2.0,1.0,5.0,0.0,1.0,0.0,-0.9445,4.9156666666666675,624585,Strikeout,201500001,3,2,2,R,425794,R,False
104,0.746,3.828,89.4,82.6,1658.71,169.506,-10.9,4.3,23.8,2.728,26.706,-17.449,1.61,3.59,2.0,3.763,-130.983,-2.858,88.56,-0.91,135.42,50.0,6.232,1.56,8.4,60.0,12.0,B,B,FC,209,0.0,2015000026.0,2.0,2.0,1.0,6.0,0.0,1.0,0.0,-0.21200000000000002,4.33,624585,Strikeout,201500001,3,2,2,R,425794,R,False
105,1.612,1.909,85.3,79.6,911.666,139.939,-12.3,7.1,23.9,5.049,23.203,-26.17,1.61,3.59,2.0,5.374,-124.838,-5.511,55.55,-0.974,187.24,50.0,6.277,3.17,3.73,28.0,14.0,S,S,FC,210,0.0,2015000026.0,3.0,2.0,1.0,7.0,0.0,1.0,0.0,0.0548333333333334,3.7821666666666665,624585,Strikeout,201500001,3,2,2,R,425794,R,False
106,0.326,0.717,76.2,69.7,2228.767,36.939,-12.7,15.8,23.8,10.311,26.41,-45.887,1.66,3.59,2.0,0.975,-111.681,-1.805,104.57,-1.213,219.42,50.0,6.403,8.45,-11.3,67.0,14.0,*B,B,CU,214,0.0,2015000027.0,0.0,0.0,2.0,1.0,0.0,1.0,0.0,-1.1476666666666666,4.501666666666666,519203,Strikeout,201500001,3,3,2,R,425794,L,False
107,-0.062,2.905,74.4,67.8,2137.878,39.871,-13.1,15.7,23.7,10.3,24.257,-44.505,1.66,3.59,2.0,-0.092,-109.031,2.569,119.36,-1.157,160.35,50.0,6.616,8.81,-10.61,16.0,5.0,C,S,CU,215,0.0,2015000027.0,1.0,0.0,2.0,2.0,0.0,1.0,0.0,-1.3436666666666668,5.644666666666666,519203,Strikeout,201500001,3,3,2,R,425794,L,False
108,-1.238,2.628,88.8,81.1,2099.543,226.179,32.3,5.8,23.7,-13.582,30.304,-19.14,1.66,3.59,2.0,3.455,-130.076,-4.879,164.19,-1.55,167.82,50.0,6.002,-8.02,7.65,39.0,11.0,B,B,SI,216,0.0,2015000027.0,1.0,1.0,2.0,3.0,0.0,1.0,0.0,-0.7256666666666668,3.6774999999999993,519203,Strikeout,201500001,3,3,2,R,425794,L,False
109,-0.95,0.824,83.7,77.3,2249.597,229.408,32.4,6.8,23.8,-14.41,24.871,-19.827,1.66,3.59,2.0,4.057,-122.379,-8.548,153.21,-1.394,216.53,50.0,6.069,-9.53,8.12,44.0,13.0,*B,B,CH,217,0.0,2015000027.0,2.0,1.0,2.0,4.0,0.0,1.0,0.0,-0.37783333333333335,2.769833333333333,519203,Strikeout,201500001,3,3,2,R,425794,L,False
110,-0.608,1.926,73.8,68.2,2190.322,42.988,-13.9,15.8,23.8,11.144,21.966,-44.129,1.66,3.59,2.0,-0.982,-108.253,0.632,140.18,-1.383,186.78,50.0,6.53,9.56,-10.32,43.0,7.0,C,S,CU,218,0.0,2015000027.0,3.0,1.0,2.0,5.0,0.0,1.0,0.0,-1.7921666666666667,5.088,519203,Strikeout,201500001,3,3,2,R,425794,L,False
111,0.459,1.389,76.3,70.3,2025.382,38.118,-12.4,15.0,23.8,9.644,24.351,-44.465,1.66,3.59,2.0,1.147,-111.907,-0.961,99.5,-1.071,201.28,50.0,6.469,7.78,-9.97,44.0,14.0,T,S,CU,219,0.0,2015000027.0,3.0,2.0,2.0,6.0,0.0,1.0,0.0,-0.9543333333333333,4.759833333333334,519203,Strikeout,201500001,3,3,2,R,425794,L,False
112,-0.438,1.062,89.7,82.2,2714.809,158.383,-32.6,3.2,23.8,9.036,29.116,-9.373,1.57,3.51,2.0,-8.194,-131.067,-8.982,133.7,2.058,210.11,50.0,5.244,5.22,13.14,50.0,13.0,B,B,FF,225,2.0,2015000028.0,0.0,0.0,0.0,1.0,0.0,0.0,0.0,0.37499999999999994,2.058,425877,Walk,201500001,4,0,0,L,452657,R,True
113,2.387,2.976,80.1,73.9,1765.312,114.007,-25.5,8.5,23.8,13.05,22.626,-26.362,1.57,3.51,2.0,-2.384,-117.404,-0.324,26.01,2.2,158.43,50.0,5.574,9.37,4.12,24.0,12.0,B,B,CH,226,2.0,2015000028.0,1.0,0.0,0.0,2.0,0.0,0.0,0.0,1.5126666666666666,3.931666666666667,425877,Walk,201500001,4,0,0,L,452657,R,True
114,-1.252,1.357,90.8,83.3,2697.813,153.608,-36.3,3.4,23.8,10.948,28.735,-10.113,1.57,3.51,2.0,-10.467,-132.441,-8.357,164.72,1.952,202.14,50.0,5.296,6.17,12.4,68.0,13.0,B,B,FF,227,2.0,2015000028.0,2.0,0.0,0.0,3.0,0.0,0.0,0.0,-0.16416666666666668,2.293166666666667,425877,Walk,201500001,4,0,0,L,452657,R,True
115,0.056,3.286,89.2,80.9,2309.073,150.668,-29.9,4.1,23.7,10.179,31.135,-14.06,1.57,3.51,2.0,-7.311,-130.548,-2.646,114.87,2.134,150.06,50.0,5.389,5.98,10.6,34.0,2.0,S,S,FF,228,2.0,2015000028.0,3.0,0.0,0.0,4.0,0.0,0.0,0.0,0.5966666666666667,3.454166666666667,425877,Walk,201500001,4,0,0,L,452657,R,True
116,0.994,3.415,89.4,81.7,2331.834,161.576,-23.9,3.3,23.7,6.655,29.487,-12.198,1.57,3.51,2.0,-4.353,-130.999,-2.935,79.11,2.182,146.57,50.0,5.471,3.86,11.53,64.0,12.0,B,B,FF,229,2.0,2015000028.0,3.0,1.0,0.0,5.0,0.0,0.0,0.0,1.2663333333333333,3.482166666666666,425877,Walk,201500001,4,0,0,L,452657,R,True
117,1.025,3.91,87.2,80.7,1158.138,184.511,3.7,5.4,23.8,-0.803,24.775,-22.001,1.45,3.13,2.0,-3.384,-127.832,0.224,77.93,2.425,133.21,50.0,5.54,-0.48,6.06,61.0,12.0,B,B,FC,233,2.0,2015000029.0,0.0,0.0,0.0,1.0,1.0,0.0,0.0,1.765,4.22,543939,Forceout,201500001,4,1,0,L,452657,L,True
118,0.162,2.704,89.2,81.3,2323.291,153.184,-28.6,3.9,23.7,9.437,30.355,-13.506,1.45,3.13,2.0,-6.804,-130.621,-4.245,110.82,2.096,165.77,50.0,5.383,5.52,10.88,30.0,2.0,S,S,FF,234,2.0,2015000029.0,1.0,0.0,0.0,2.0,1.0,0.0,0.0,0.669,3.136833333333333,543939,Forceout,201500001,4,1,0,L,452657,L,True
119,0.369,2.954,90.8,82.6,2261.426,150.645,-30.0,4.0,23.7,10.166,31.811,-14.1,1.45,3.13,2.0,-6.6,-133.034,-3.521,102.93,2.15,159.02,50.0,5.334,5.74,10.17,45.0,3.0,S,S,FF,235,2.0,2015000029.0,1.0,1.0,0.0,3.0,1.0,0.0,0.0,0.7811666666666668,3.2965,543939,Forceout,201500001,4,1,0,L,452657,L,True
120,-0.417,3.514,91.8,83.8,2265.019,154.243,-27.4,3.5,23.7,9.119,31.159,-13.275,1.45,3.13,2.0,-8.483,-134.406,-2.339,132.9,2.138,143.9,50.0,5.347,5.02,10.37,52.0,11.0,F,S,FF,236,2.0,2015000029.0,1.0,2.0,0.0,4.0,1.0,0.0,0.0,0.44216666666666665,3.5663333333333336,543939,Forceout,201500001,4,1,0,L,452657,L,True
121,-1.235,1.406,86.8,81.2,967.359,181.0,3.5,6.0,23.9,-0.148,22.633,-23.715,1.45,3.13,2.0,-8.362,-126.882,-5.128,164.08,2.096,200.82,50.0,5.31,-0.09,5.07,67.0,13.0,X,X,FC,237,2.0,2015000029.0,1.0,2.0,0.0,5.0,1.0,0.0,0.0,0.438,2.9354999999999998,543939,Forceout,201500001,4,1,0,L,452657,L,True
122,-0.704,2.331,89.1,81.6,2447.042,149.454,-32.8,4.0,23.8,11.17,28.467,-13.247,1.58,3.49,2.0,-9.031,-130.297,-4.94,143.83,1.966,175.84,50.0,5.259,6.53,11.01,63.0,4.0,F,S,FF,242,2.0,2015000030.0,0.0,0.0,1.0,1.0,1.0,0.0,0.0,0.08683333333333332,2.8775,445055,Strikeout,201500001,4,2,0,L,452657,L,True
123,0.286,1.65,83.6,77.9,884.162,198.416,6.8,6.9,23.9,-2.357,22.281,-25.096,1.58,3.45,2.0,-4.479,-122.41,-3.781,106.1,2.333,194.23,50.0,5.343,-1.54,4.58,47.0,9.0,B,B,FC,243,2.0,2015000030.0,0.0,1.0,1.0,2.0,1.0,0.0,0.0,1.4378333333333335,3.1148333333333333,445055,Strikeout,201500001,4,2,0,L,452657,L,True
124,0.39,1.794,85.0,78.8,1858.632,123.673,-26.5,6.9,23.8,13.26,23.674,-23.34,1.58,3.49,2.0,-6.944,-124.369,-3.888,102.13,2.117,190.34,50.0,5.301,8.42,5.56,41.0,9.0,F,S,CH,249,2.0,2015000030.0,1.0,1.0,1.0,3.0,0.0,0.0,1.0,0.5518333333333334,3.084166666666667,445055,Strikeout,201500001,4,2,0,L,452657,L,True
125,-0.831,2.095,86.7,80.7,705.827,190.482,5.2,6.6,23.9,-1.123,24.021,-26.105,1.58,3.49,2.0,-7.362,-126.862,-2.867,148.68,2.188,182.22,50.0,5.303,-0.68,3.65,56.0,13.0,F,S,FC,250,2.0,2015000030.0,1.0,2.0,1.0,4.0,0.0,0.0,1.0,0.7351666666666667,3.394833333333333,445055,Strikeout,201500001,4,2,0,L,452657,L,True
126,-1.479,2.118,91.0,84.0,2264.594,144.034,-30.9,4.3,23.8,12.186,27.353,-15.381,1.4,3.31,2.0,-11.523,-132.923,-5.411,173.38,2.022,181.59,50.0,5.289,6.78,9.31,20.0,13.0,B,B,FF,251,2.0,2015000030.0,1.0,2.0,1.0,5.0,0.0,0.0,1.0,-0.2935000000000002,2.9276666666666666,445055,Strikeout,201500001,4,2,0,L,452657,L,True
127,1.071,2.632,83.0,78.2,1104.242,212.854,12.3,6.6,23.9,-5.027,18.61,-24.39,1.42,3.34,2.0,-2.342,-121.741,-1.648,76.18,2.463,167.72,50.0,5.382,-3.27,5.02,55.0,12.0,C,S,FC,252,2.0,2015000030.0,2.0,2.0,1.0,6.0,0.0,0.0,1.0,2.0395,3.5886666666666662,445055,Strikeout,201500001,4,2,0,L,452657,L,True
128,-0.382,1.312,73.6,69.0,1391.33,310.656,12.1,13.6,23.9,-7.853,18.458,-38.918,1.64,3.61,2.0,-3.87,-107.937,0.239,131.56,2.296,203.36,50.0,5.479,-6.64,-5.77,88.0,13.0,B,B,CU,256,2.0,2015000031.0,0.0,0.0,2.0,1.0,0.0,0.0,1.0,1.510333333333333,3.8763333333333336,425794,Groundout,201500001,4,3,0,L,452657,R,True
129,0.14,1.891,90.7,82.7,2161.347,147.95,-27.8,4.4,23.7,10.486,31.211,-15.426,1.64,3.61,2.0,-7.24,-132.636,-5.725,111.66,2.146,187.72,50.0,5.222,5.95,9.46,33.0,8.0,X,X,FF,257,2.0,2015000031.0,1.0,0.0,2.0,2.0,0.0,0.0,1.0,0.6471666666666667,2.7681666666666667,425794,Groundout,201500001,4,3,0,L,452657,R,True
130,0.832,2.752,84.1,78.2,1260.872,156.047,-12.2,6.2,23.9,4.346,22.755,-22.392,1.54,3.37,2.0,3.955,-123.162,-4.03,85.29,-1.155,164.48,50.0,6.287,2.81,6.27,66.0,12.0,X,X,FC,263,0.0,2015000032.0,0.0,0.0,0.0,1.0,0.0,0.0,0.0,-0.3956666666666667,3.997,516770,Groundout,201500001,4,1,2,R,425794,R,False
131,0.334,0.538,73.2,67.6,2068.728,40.737,-12.9,16.2,23.8,9.992,23.305,-43.775,1.47,3.27,2.0,1.261,-107.374,-1.801,104.27,-1.406,224.25,50.0,6.381,8.8,-10.28,67.0,14.0,B,B,CU,267,0.0,2015000033.0,0.0,0.0,1.0,1.0,0.0,0.0,0.0,-1.2693333333333334,4.316166666666667,458085,Groundout,201500001,4,2,2,R,425794,L,False
132,-0.083,2.54,88.6,81.2,1709.086,190.458,6.3,4.4,23.8,-2.775,28.936,-17.143,1.47,3.27,2.0,3.518,-129.749,-5.795,120.16,-1.248,170.2,50.0,6.123,-1.64,8.84,21.0,5.0,X,X,FF,268,0.0,2015000033.0,1.0,0.0,1.0,2.0,0.0,0.0,0.0,-0.5288333333333333,3.5948333333333333,458085,Groundout,201500001,4,2,2,R,425794,L,False
133,0.626,1.707,88.3,81.1,2148.548,205.792,23.1,4.4,23.8,-8.326,28.226,-14.946,1.57,3.5,2.0,5.895,-129.203,-7.912,93.14,-1.048,192.69,50.0,5.969,-4.95,10.2,71.0,9.0,C,S,FF,272,0.0,2015000034.0,0.0,0.0,2.0,1.0,0.0,0.0,0.0,0.2015,2.988,592609,Groundout,201500001,4,3,2,R,425794,R,False
134,-1.095,2.376,86.6,79.2,1725.089,189.484,6.9,4.7,23.8,-2.485,28.397,-17.302,1.57,3.5,2.0,1.049,-126.806,-6.16,158.74,-1.316,174.63,50.0,6.239,-1.54,9.18,53.0,13.0,B,B,FC,273,0.0,2015000034.0,0.0,1.0,2.0,2.0,0.0,0.0,0.0,-1.0771666666666666,3.5425,592609,Groundout,201500001,4,3,2,R,425794,R,False
135,0.978,0.224,75.7,69.3,1953.206,30.381,-9.9,15.7,23.8,7.553,26.299,-45.057,1.57,3.5,2.0,2.624,-110.924,-2.574,79.72,-1.049,232.73,50.0,6.255,6.28,-10.78,41.0,14.0,B,B,CU,274,0.0,2015000034.0,1.0,1.0,2.0,3.0,0.0,0.0,0.0,-0.5588333333333333,4.137833333333333,592609,Groundout,201500001,4,3,2,R,425794,R,False
136,-0.113,1.353,88.4,80.5,2115.636,196.372,15.3,4.1,23.7,-5.316,30.828,-14.081,1.57,3.5,2.0,3.799,-129.316,-9.178,121.31,-1.197,202.25,50.0,6.066,-3.19,10.81,39.0,13.0,B,B,FF,275,0.0,2015000034.0,2.0,1.0,2.0,4.0,0.0,0.0,0.0,-0.3891666666666667,2.8086666666666664,592609,Groundout,201500001,4,3,2,R,425794,R,False
137,0.073,2.471,89.7,81.9,2325.928,199.381,23.4,3.6,23.7,-6.987,30.578,-12.314,1.57,3.5,2.0,4.253,-131.318,-6.931,114.22,-1.051,172.06,50.0,6.08,-4.04,11.45,23.0,5.0,F,S,FF,276,0.0,2015000034.0,3.0,1.0,2.0,5.0,0.0,0.0,0.0,-0.15233333333333332,3.3213333333333335,592609,Groundout,201500001,4,3,2,R,425794,R,False
138,0.336,2.492,85.5,79.7,677.649,150.428,-7.0,7.1,23.9,2.889,23.536,-27.083,1.57,3.5,2.0,3.013,-125.32,-3.766,104.19,-1.112,171.5,50.0,6.208,1.8,3.13,33.0,6.0,X,X,FC,277,0.0,2015000034.0,3.0,2.0,2.0,6.0,0.0,0.0,0.0,-0.538,4.089166666666666,592609,Groundout,201500001,4,3,2,R,425794,R,False
139,-1.639,1.311,89.9,81.7,2156.646,154.485,-19.8,4.1,23.7,8.4,31.663,-14.576,1.72,3.56,2.0,-10.852,-131.177,-7.368,179.47,1.944,203.38,50.0,5.274,4.89,10.21,53.0,13.0,B,B,FF,282,2.0,2015000035.0,0.0,0.0,0.0,1.0,0.0,0.0,0.0,-0.255,2.4416666666666664,572761,Single,201500001,5,0,0,L,452657,L,True
140,-0.825,1.758,86.3,79.5,1308.023,193.945,10.5,5.7,23.8,-2.743,26.647,-21.129,1.72,3.56,2.0,-6.912,-126.226,-4.848,148.45,2.175,191.31,50.0,5.413,-1.71,6.83,66.0,13.0,C,S,FC,283,2.0,2015000035.0,1.0,0.0,0.0,2.0,0.0,0.0,0.0,0.8174999999999999,3.0163333333333333,572761,Single,201500001,5,0,0,L,452657,L,True
141,1.208,2.443,87.4,80.4,1732.464,118.684,-25.9,6.9,23.8,13.416,27.261,-24.834,1.72,3.56,2.0,-5.242,-128.062,-2.677,70.95,2.232,172.82,50.0,5.451,8.11,4.39,39.0,14.0,B,B,SI,284,2.0,2015000035.0,1.0,1.0,0.0,3.0,0.0,0.0,0.0,1.044166666666667,3.581166666666667,572761,Single,201500001,5,0,0,L,452657,L,True
142,0.975,3.392,89.0,80.4,2042.137,156.55,-21.2,4.1,23.7,7.305,32.521,-15.335,1.72,3.56,2.0,-4.742,-130.4,-2.156,79.84,2.272,147.2,50.0,5.413,4.33,9.93,62.0,12.0,B,B,FF,285,2.0,2015000035.0,2.0,1.0,0.0,4.0,0.0,0.0,0.0,1.2626666666666666,3.5749999999999997,572761,Single,201500001,5,0,0,L,452657,L,True
143,-0.702,2.807,88.2,80.1,2098.29,153.969,-21.0,4.3,23.7,8.19,30.55,-15.406,1.72,3.56,2.0,-8.514,-129.026,-3.51,143.76,2.023,162.99,50.0,5.395,4.93,10.05,46.0,4.0,C,S,FF,286,2.0,2015000035.0,3.0,1.0,0.0,5.0,0.0,0.0,0.0,0.24966666666666676,3.2635,572761,Single,201500001,5,0,0,L,452657,L,True
144,0.302,2.446,84.7,78.2,1094.89,197.842,8.9,6.3,23.8,-2.871,25.21,-23.255,1.72,3.56,2.0,-4.544,-124.153,-2.467,105.49,2.396,172.74,50.0,5.391,-1.84,5.68,35.0,6.0,D,X,FC,287,2.0,2015000035.0,3.0,2.0,0.0,6.0,0.0,0.0,0.0,1.5023333333333333,3.4451666666666667,572761,Single,201500001,5,0,0,L,452657,L,True
145,0.318,1.025,72.7,67.3,940.998,289.537,11.2,12.6,23.8,-6.513,20.183,-34.485,1.59,3.45,2.0,-2.424,-106.548,-1.316,104.88,2.218,211.11,50.0,5.586,-5.73,-2.1,66.0,14.0,B,B,CU,291,2.0,2015000036.0,0.0,0.0,0.0,1.0,1.0,0.0,0.0,1.7455,3.4805,518792,Single,201500001,5,0,0,L,452657,L,True
146,-1.635,2.235,85.6,78.8,987.655,167.195,0.1,6.3,23.8,1.889,26.339,-23.864,1.59,3.45,2.0,-9.743,-125.181,-2.809,179.32,2.159,178.44,50.0,5.334,1.2,5.21,20.0,13.0,B,B,FC,292,2.0,2015000036.0,1.0,0.0,0.0,2.0,1.0,0.0,0.0,0.16199999999999992,3.350333333333333,518792,Single,201500001,5,0,0,L,452657,L,True
147,-0.796,2.702,88.8,80.5,2233.295,154.164,-23.7,4.0,23.7,8.718,31.573,-14.17,1.59,3.45,2.0,-8.744,-129.947,-3.873,147.34,1.965,165.83,50.0,5.314,5.19,10.67,47.0,11.0,F,S,FF,293,2.0,2015000036.0,2.0,0.0,0.0,3.0,1.0,0.0,0.0,0.15199999999999997,3.1188333333333333,518792,Single,201500001,5,0,0,L,452657,L,True
148,1.941,2.231,85.2,79.4,1897.803,126.479,-28.6,6.6,23.9,13.13,22.437,-22.466,1.59,3.45,2.0,-3.46,-124.829,-3.257,43.01,2.268,178.54,50.0,5.378,8.23,6.04,21.0,14.0,B,B,CH,294,2.0,2015000036.0,2.0,1.0,0.0,4.0,1.0,0.0,0.0,1.4186666666666663,3.3011666666666666,518792,Single,201500001,5,0,0,L,452657,L,True
149,-0.49,2.436,90.1,82.1,2177.802,153.229,-24.2,4.0,23.7,8.916,30.901,-14.502,1.59,3.45,2.0,-8.344,-131.86,-4.615,135.68,2.067,173.01,50.0,5.296,5.12,10.11,39.0,4.0,F,S,FF,295,2.0,2015000036.0,3.0,1.0,0.0,5.0,1.0,0.0,0.0,0.3618333333333334,3.0235000000000003,518792,Single,201500001,5,0,0,L,452657,L,True
150,-0.912,2.077,89.6,82.4,2288.817,137.334,-33.4,5.0,23.8,13.997,27.793,-16.988,1.59,3.45,2.0,-10.329,-130.908,-4.845,151.76,2.038,182.7,50.0,5.225,8.07,8.71,57.0,13.0,D,X,FF,296,2.0,2015000036.0,3.0,2.0,0.0,6.0,1.0,0.0,0.0,-0.10950000000000004,2.9251666666666662,518792,Single,201500001,5,0,0,L,452657,L,True
151,-0.397,2.326,87.5,81.2,1032.188,189.234,6.2,5.8,23.8,-1.464,25.35,-23.171,1.82,3.67,2.0,-6.185,-128.203,-3.395,132.13,2.156,175.98,50.0,5.467,-0.88,5.34,53.0,7.0,E,X,FC,303,2.0,2015000037.0,0.0,0.0,0.0,1.0,1.0,0.0,1.0,0.9528333333333334,3.4515,407812,Single,201500001,5,0,0,L,452657,R,True
152,1.019,2.254,88.9,82.1,1909.25,114.396,-29.2,7.0,23.8,15.602,27.059,-25.098,1.73,3.68,2.0,-6.201,-130.178,-3.184,78.16,2.251,177.92,50.0,5.391,9.08,4.08,69.0,14.0,B,B,SI,310,3.0,2015000038.0,0.0,0.0,0.0,1.0,1.0,1.0,0.0,0.8783333333333331,3.4825,425509,Pop Out,201500001,5,1,0,L,452657,R,True
153,-0.55,2.932,87.6,81.3,1327.127,184.914,6.0,5.1,23.8,-1.005,24.635,-20.488,1.73,3.68,2.0,-6.618,-128.22,-2.307,137.96,2.134,159.62,50.0,5.429,-0.6,6.92,37.0,4.0,X,X,FC,316,3.0,2015000038.0,1.0,0.0,0.0,2.0,0.0,1.0,1.0,0.842,3.6038333333333337,425509,Pop Out,201500001,5,1,0,L,452657,R,True
154,1.696,2.123,91.6,83.8,2351.142,115.481,-37.0,6.8,23.8,19.616,31.483,-22.826,1.68,3.57,0.881,-6.349,-134.083,-5.617,52.35,2.693,181.46,50.0,5.895,10.88,5.14,37.0,14.0,S,S,FT,323,3.0,2015000039.0,0.0,0.0,1.0,1.0,0.0,1.0,1.0,1.2878333333333334,3.580666666666667,571431,Strikeout,201500001,5,2,0,L,457435,L,True
155,-0.613,2.997,92.7,85.7,1978.622,159.26,-16.1,3.6,23.8,6.548,28.308,-14.883,1.68,3.57,0.913,-9.706,-135.569,-4.866,140.37,2.551,157.86,50.0,5.846,3.5,9.21,49.0,1.0,S,S,FF,324,3.0,2015000039.0,0.0,1.0,1.0,2.0,0.0,1.0,1.0,0.6773333333333333,3.654,571431,Strikeout,201500001,5,2,0,L,457435,L,True
156,0.378,1.927,92.8,85.7,2427.325,162.244,-23.9,2.9,23.8,6.922,28.532,-10.559,1.68,3.57,0.914,-7.266,-135.653,-8.375,102.59,2.606,186.75,50.0,5.783,3.7,11.51,45.0,9.0,S,S,FF,325,3.0,2015000039.0,0.0,2.0,1.0,3.0,0.0,1.0,1.0,1.1836666666666666,2.895833333333334,571431,Strikeout,201500001,5,2,0,L,457435,L,True
157,4.828,5.211,68.3,63.3,1392.787,181.973,-0.5,8.8,23.8,-0.331,15.265,-22.576,1.57,3.51,0.0,3.49,-100.036,2.726,0.0,3.107,98.08,50.0,6.714,-0.33,9.34,0.0,12.0,I,B,IN,329,3.0,2015000040.0,0.0,0.0,2.0,1.0,0.0,1.0,1.0,3.995,5.184166666666667,425877,Intent Walk,201500001,5,2,0,L,457435,R,True
158,4.721,5.647,74.1,68.3,1515.334,163.24,-9.9,7.2,23.8,3.272,18.744,-21.31,1.57,3.51,0.0,2.209,-108.627,2.89,0.0,3.337,86.31,50.0,6.614,2.73,9.02,0.0,12.0,I,B,IN,330,3.0,2015000040.0,1.0,0.0,2.0,2.0,0.0,1.0,1.0,3.8015,5.378833333333333,425877,Intent Walk,201500001,5,2,0,L,457435,R,True
159,5.134,4.982,72.2,67.1,1603.063,167.942,-8.1,7.3,23.8,2.444,16.623,-20.734,1.57,3.51,0.0,3.219,-105.869,1.753,0.0,3.322,104.27,50.0,6.502,2.14,9.93,0.0,12.0,I,B,IN,331,3.0,2015000040.0,2.0,0.0,2.0,3.0,0.0,1.0,1.0,4.049666666666666,4.9145,425877,Intent Walk,201500001,5,2,0,L,457435,R,True
160,4.976,4.922,71.0,65.1,1531.489,175.212,-4.0,7.8,23.8,0.917,18.546,-21.23,1.57,3.51,0.0,3.201,-104.036,1.853,0.0,3.304,105.89,50.0,6.548,0.84,9.98,0.0,12.0,I,B,IN,332,3.0,2015000040.0,3.0,0.0,2.0,4.0,0.0,1.0,1.0,4.069999999999999,4.903333333333332,425877,Intent Walk,201500001,5,2,0,L,457435,R,True
161,1.036,2.21,90.3,82.8,2399.841,120.211,-37.4,6.5,23.8,18.89,29.902,-21.175,1.45,3.13,0.854,-7.949,-132.144,-5.717,77.51,2.696,179.11,50.0,5.972,10.75,6.22,58.0,14.0,M,S,FT,336,3.0,2015000041.0,0.0,0.0,2.0,1.0,1.0,1.0,1.0,0.9701666666666667,3.5726666666666667,543939,Strikeout,201500001,5,3,0,L,457435,L,True
162,-0.614,3.043,91.8,84.2,2007.358,152.498,-21.1,4.0,23.8,8.575,29.817,-15.704,1.45,3.13,0.912,-9.942,-134.201,-4.37,140.4,2.531,156.62,50.0,5.815,4.72,9.02,57.0,1.0,S,S,FF,337,3.0,2015000041.0,0.0,1.0,2.0,2.0,1.0,1.0,1.0,0.5651666666666668,3.677333333333334,543939,Strikeout,201500001,5,3,0,L,457435,L,True
163,-1.709,1.136,78.9,73.5,881.867,349.472,4.0,12.0,23.9,-1.281,22.358,-39.066,1.45,3.13,0.901,-9.375,-115.324,-2.395,182.14,2.541,208.11,50.0,5.973,-0.96,-5.2,32.0,13.0,B,B,SL,338,3.0,2015000041.0,0.0,2.0,2.0,3.0,1.0,1.0,1.0,0.49599999999999994,3.9878333333333336,543939,Strikeout,201500001,5,3,0,L,457435,L,True
164,1.169,1.504,92.7,84.5,2384.85,110.934,-36.2,7.1,23.7,20.811,33.869,-24.213,1.45,3.13,0.897,-7.657,-135.547,-7.06,72.44,2.577,198.17,50.0,5.871,11.36,4.31,66.0,14.0,S,S,FT,339,3.0,2015000041.0,1.0,2.0,2.0,4.0,1.0,1.0,1.0,0.9263333333333333,3.328333333333333,543939,Strikeout,201500001,5,3,0,L,457435,L,True
165,0.431,3.143,83.3,77.5,889.504,152.191,-8.7,7.0,23.8,3.494,22.536,-25.55,1.67,3.67,2.0,2.769,-122.146,-2.369,100.57,-1.013,153.92,50.0,6.307,2.3,4.31,55.0,3.0,L,S,FC,345,0.0,2015000042.0,0.0,0.0,0.0,1.0,0.0,0.0,0.0,-0.4826666666666666,4.365833333333333,424325,Double,201500001,5,0,3,R,425794,R,False
166,0.697,2.392,84.2,78.9,967.566,148.53,-10.6,6.8,23.9,4.294,21.116,-25.159,1.67,3.67,2.0,3.539,-123.325,-4.133,90.43,-1.106,174.2,50.0,6.175,2.75,4.44,44.0,6.0,F,S,FC,346,0.0,2015000042.0,0.0,1.0,0.0,2.0,0.0,0.0,0.0,-0.43366666666666676,3.9135,424325,Double,201500001,5,0,3,R,425794,R,False
167,0.429,3.164,88.2,81.4,1717.238,190.081,6.2,4.3,23.8,-2.678,26.546,-17.114,1.67,3.67,2.0,3.684,-129.228,-4.458,100.65,-0.808,153.35,50.0,6.223,-1.58,8.85,39.0,3.0,F,S,FF,347,0.0,2015000042.0,0.0,2.0,0.0,3.0,0.0,0.0,0.0,-0.05783333333333335,3.9560000000000004,424325,Double,201500001,5,0,3,R,425794,R,False
168,0.783,1.509,74.9,68.5,2069.099,36.838,-12.2,15.8,23.7,9.387,25.157,-44.704,1.67,3.67,2.0,1.741,-109.776,0.004,87.15,-1.057,198.04,50.0,6.395,7.94,-10.67,55.0,14.0,B,B,CU,348,0.0,2015000042.0,0.0,2.0,0.0,4.0,0.0,0.0,0.0,-0.7986666666666666,4.841166666666666,424325,Double,201500001,5,0,3,R,425794,R,False
169,0.379,4.637,83.8,77.4,987.455,139.739,-12.9,7.0,23.8,5.405,23.82,-25.792,1.67,3.67,2.0,2.496,-122.874,0.967,102.55,-1.107,113.58,50.0,6.426,3.53,4.12,28.0,12.0,B,B,FC,349,0.0,2015000042.0,1.0,2.0,0.0,5.0,0.0,0.0,0.0,-0.6581666666666666,5.188166666666666,424325,Double,201500001,5,0,3,R,425794,R,False
170,0.4,2.712,85.2,78.6,925.311,169.448,-4.9,6.5,23.8,1.458,25.719,-24.348,1.67,3.67,2.0,3.557,-124.814,-3.738,101.75,-1.165,165.56,50.0,6.24,0.93,4.93,30.0,6.0,D,X,FC,350,0.0,2015000042.0,2.0,2.0,0.0,6.0,0.0,0.0,0.0,-0.46,4.065166666666666,424325,Double,201500001,5,0,3,R,425794,R,False
171,-0.668,4.388,84.9,78.4,1126.382,136.442,-15.0,6.7,23.8,6.665,24.869,-25.165,1.43,3.3,2.0,0.372,-124.576,0.14,142.46,-1.37,120.3,50.0,6.41,4.24,4.41,55.0,11.0,B,B,FC,356,0.0,2015000043.0,0.0,0.0,0.0,1.0,0.0,1.0,0.0,-1.3723333333333334,5.0315,471083,Lineout,201500001,5,1,3,R,425794,L,False
172,0.503,1.753,88.7,82.4,2069.461,194.609,13.3,3.8,23.8,-4.669,25.043,-14.263,1.43,3.3,2.0,4.987,-129.76,-8.594,97.83,-1.084,191.45,50.0,6.176,-2.72,10.38,44.0,9.0,X,X,FF,357,0.0,2015000043.0,1.0,0.0,0.0,2.0,0.0,1.0,0.0,-0.06383333333333335,3.0995,471083,Lineout,201500001,5,1,3,R,425794,L,False
173,1.017,2.364,84.6,78.3,957.615,128.233,-14.3,7.5,23.8,6.424,25.099,-27.113,1.52,3.39,2.0,3.877,-123.898,-4.021,78.23,-1.106,174.95,50.0,6.278,4.14,3.21,63.0,14.0,B,B,FC,361,0.0,2015000044.0,0.0,0.0,1.0,1.0,0.0,1.0,0.0,-0.38950000000000007,4.0535,600303,Flyout,201500001,5,2,3,R,425794,L,False
174,1.351,1.759,88.4,81.2,2201.231,183.865,0.0,3.5,23.8,-1.322,28.12,-12.617,1.52,3.39,2.0,6.337,-129.19,-8.574,65.5,-1.037,191.29,50.0,6.101,-0.79,11.58,29.0,14.0,B,B,FC,362,0.0,2015000044.0,1.0,0.0,1.0,2.0,0.0,1.0,0.0,0.22283333333333338,2.965,600303,Flyout,201500001,5,2,3,R,425794,L,False
175,-1.405,2.79,84.4,78.1,1176.092,145.698,-12.5,6.6,23.8,5.651,24.367,-23.891,1.52,3.39,2.0,-1.043,-123.69,-3.628,170.56,-1.452,163.45,50.0,6.276,3.64,5.29,22.0,11.0,B,B,FC,363,0.0,2015000044.0,2.0,0.0,1.0,3.0,0.0,1.0,0.0,-1.7318333333333333,4.0921666666666665,600303,Flyout,201500001,5,2,3,R,425794,L,False
176,0.125,2.428,86.2,79.8,1743.83,203.138,14.8,5.0,23.8,-5.958,24.573,-18.232,1.52,3.39,2.0,4.689,-126.138,-5.808,112.24,-1.276,173.22,50.0,6.22,-3.68,8.57,21.0,5.0,C,S,FC,364,0.0,2015000044.0,3.0,0.0,1.0,4.0,0.0,1.0,0.0,-0.2688333333333333,3.609833333333333,600303,Flyout,201500001,5,2,3,R,425794,L,False
177,0.693,1.823,88.3,81.4,1780.78,196.961,10.7,4.5,23.8,-4.625,27.276,-17.011,1.52,3.39,2.0,5.627,-129.15,-7.494,90.58,-1.159,189.56,50.0,6.074,-2.74,8.95,51.0,9.0,C,S,FF,365,0.0,2015000044.0,3.0,1.0,1.0,5.0,0.0,1.0,0.0,-0.00466666666666668,3.202666666666667,600303,Flyout,201500001,5,2,3,R,425794,L,False
178,0.395,2.862,88.3,81.2,2214.586,192.356,12.9,3.5,23.8,-4.225,27.709,-12.889,1.52,3.39,2.0,4.774,-129.333,-6.058,101.94,-1.152,161.51,50.0,6.228,-2.5,11.37,40.0,3.0,X,X,FF,366,0.0,2015000044.0,3.0,2.0,1.0,6.0,0.0,1.0,0.0,-0.1701666666666666,3.5975,600303,Flyout,201500001,5,2,3,R,425794,L,False
179,-0.596,2.909,72.4,66.6,2101.096,53.319,-16.4,15.5,23.8,12.33,21.235,-41.358,1.69,3.76,2.0,-1.332,-106.159,2.108,139.72,-1.38,160.24,50.0,6.675,11.0,-8.26,80.0,4.0,C,S,CU,371,0.0,2015000045.0,0.0,0.0,2.0,1.0,0.0,0.0,1.0,-1.9046666666666665,5.480333333333333,451594,Strikeout,201500001,5,3,3,R,425794,L,False
180,1.304,2.151,86.9,80.7,1230.385,164.928,-9.4,5.7,23.8,2.807,25.182,-21.752,1.69,3.76,2.0,5.497,-127.268,-5.963,67.29,-1.102,180.7,50.0,6.238,1.7,6.28,25.0,14.0,B,B,FC,372,0.0,2015000045.0,0.0,1.0,2.0,2.0,0.0,0.0,1.0,-0.040666666666666684,3.6711666666666662,451594,Strikeout,201500001,5,3,3,R,425794,L,False
181,0.503,3.483,88.5,80.9,1979.464,184.981,2.3,3.7,23.7,-1.537,29.203,-14.545,1.69,3.76,2.0,4.134,-129.696,-4.268,97.83,-0.999,144.74,50.0,6.273,-0.91,10.39,46.0,3.0,S,S,FC,373,0.0,2015000045.0,1.0,1.0,2.0,3.0,0.0,0.0,1.0,-0.17216666666666666,4.012166666666666,451594,Strikeout,201500001,5,3,3,R,425794,L,False
182,0.403,1.709,74.9,68.7,1965.943,34.9,-11.1,15.5,23.8,8.521,24.567,-44.388,1.69,3.76,2.0,1.22,-109.901,-0.194,101.64,-1.092,192.64,50.0,6.626,7.17,-10.34,42.0,9.0,S,S,CU,374,0.0,2015000045.0,1.0,2.0,2.0,4.0,0.0,0.0,1.0,-0.9420000000000001,5.029166666666667,451594,Strikeout,201500001,5,3,3,R,425794,L,False
183,-0.063,2.452,91.5,83.6,2355.086,228.714,38.6,5.4,23.7,-16.343,31.27,-17.824,1.58,3.49,0.921,6.174,-133.978,-3.893,119.4,-1.229,172.58,50.0,5.213,-9.07,7.92,39.0,5.0,C,S,FF,384,3.0,2015000046.0,0.0,0.0,0.0,1.0,0.0,0.0,0.0,0.10983333333333334,3.1725,445055,Flyout,201500001,6,1,0,R,435400,L,True
184,0.654,2.81,93.5,84.5,2753.098,207.115,44.2,3.2,23.7,-11.842,35.738,-9.049,1.58,3.49,0.911,6.584,-136.909,-5.262,92.07,-0.977,162.91,50.0,5.402,-6.36,12.39,46.0,6.0,F,S,FF,385,3.0,2015000046.0,0.0,1.0,0.0,2.0,0.0,0.0,0.0,0.36850000000000005,3.0735,445055,Flyout,201500001,6,1,0,R,435400,L,True
185,-0.911,2.589,95.1,86.7,2306.472,210.716,36.6,3.8,23.7,-11.314,34.562,-13.132,1.58,3.49,0.915,2.136,-139.322,-5.666,151.73,-0.937,168.88,50.0,5.534,-5.82,9.76,50.0,11.0,F,S,FF,386,3.0,2015000046.0,0.0,2.0,0.0,3.0,0.0,0.0,0.0,-0.439,3.248166666666666,445055,Flyout,201500001,6,1,0,R,435400,L,True
186,0.318,3.151,94.0,86.0,2523.003,207.647,39.6,3.3,23.8,-11.115,32.209,-10.957,1.58,3.49,0.907,5.004,-137.73,-4.595,104.88,-0.771,153.7,50.0,5.589,-5.82,11.07,41.0,3.0,X,X,FF,387,3.0,2015000046.0,0.0,2.0,0.0,4.0,0.0,0.0,0.0,0.25850000000000006,3.4475000000000002,445055,Flyout,201500001,6,1,0,R,435400,L,True
187,0.21,2.937,94.5,85.2,2547.985,207.969,40.0,3.4,23.7,-11.399,37.025,-10.709,1.64,3.61,0.921,5.079,-138.383,-4.756,109.0,-0.889,159.48,50.0,5.423,-6.01,11.27,48.0,5.0,F,S,FF,391,3.0,2015000047.0,0.0,0.0,1.0,1.0,0.0,0.0,0.0,0.16133333333333333,3.2408333333333332,425794,Pop Out,201500001,6,2,0,R,435400,R,True
188,-0.246,2.389,95.6,86.4,2406.91,205.421,35.0,3.3,23.7,-9.968,37.378,-11.203,1.64,3.61,0.915,3.661,-139.957,-6.341,126.38,-0.918,174.28,50.0,5.449,-5.13,10.75,32.0,4.0,F,S,FF,392,3.0,2015000047.0,0.0,1.0,1.0,2.0,0.0,0.0,0.0,-0.15450000000000008,3.023166666666666,425794,Pop Out,201500001,6,2,0,R,435400,R,True
189,0.917,2.938,96.2,87.1,2413.733,210.965,37.5,3.5,23.7,-12.051,36.95,-12.091,1.64,3.61,0.934,6.888,-140.774,-5.024,82.05,-0.788,159.45,50.0,5.552,-6.11,10.14,54.0,12.0,X,X,FF,393,3.0,2015000047.0,0.0,2.0,1.0,3.0,0.0,0.0,0.0,0.5736666666666667,3.4,425794,Pop Out,201500001,6,2,0,R,435400,R,True
190,-1.496,2.793,92.2,84.9,2039.074,239.081,34.4,6.1,23.8,-16.296,29.576,-22.414,1.72,3.56,0.878,3.183,-135.149,-2.005,174.02,-1.544,163.37,50.0,5.119,-8.81,5.24,30.0,11.0,B,B,FT,397,3.0,2015000048.0,0.0,0.0,2.0,1.0,0.0,0.0,0.0,-0.7858333333333333,3.5193333333333334,572761,Groundout,201500001,6,3,0,R,435400,L,True
191,-1.242,3.889,92.8,85.0,1943.996,229.546,33.1,5.3,23.8,-13.88,31.484,-20.339,1.72,3.56,0.68,2.624,-136.128,-0.095,164.34,-1.256,133.78,50.0,5.339,-7.44,6.3,68.0,11.0,B,B,FF,398,3.0,2015000048.0,1.0,0.0,2.0,2.0,0.0,0.0,0.0,-0.6290000000000001,4.0889999999999995,572761,Groundout,201500001,6,3,0,R,435400,L,True
192,0.308,2.28,94.5,85.9,2506.216,213.306,40.4,3.8,23.7,-13.119,34.56,-12.208,1.72,3.56,0.912,6.089,-138.295,-5.895,105.26,-1.045,177.22,50.0,5.278,-6.86,10.41,36.0,9.0,C,S,FF,399,3.0,2015000048.0,2.0,0.0,2.0,3.0,0.0,0.0,0.0,0.20316666666666672,2.9114999999999998,572761,Groundout,201500001,6,3,0,R,435400,L,True
193,-0.714,2.967,95.5,86.2,2354.686,208.946,37.0,3.6,23.7,-11.0,38.143,-12.286,1.72,3.56,0.934,3.031,-140.029,-4.481,144.22,-1.088,158.67,50.0,5.422,-5.67,10.21,49.0,11.0,C,S,FF,400,3.0,2015000048.0,2.0,1.0,2.0,4.0,0.0,0.0,0.0,-0.42850000000000005,3.343666666666666,572761,Groundout,201500001,6,3,0,R,435400,L,True
194,-0.343,1.94,95.4,86.5,2717.422,213.307,47.0,3.8,23.7,-14.356,36.088,-10.326,1.72,3.56,0.917,4.605,-139.57,-7.632,130.07,-1.067,186.4,50.0,5.418,-7.4,11.22,44.0,7.0,F,S,FF,401,3.0,2015000048.0,2.0,2.0,2.0,5.0,0.0,0.0,0.0,-0.08833333333333326,2.744,572761,Groundout,201500001,6,3,0,R,435400,L,True
195,0.815,2.303,94.5,85.5,3132.444,199.215,53.9,2.2,23.7,-9.822,35.637,-3.995,1.72,3.56,0.876,5.988,-138.211,-8.026,85.93,-0.726,176.6,50.0,5.538,-5.16,14.78,53.0,14.0,F,S,FF,402,3.0,2015000048.0,2.0,2.0,2.0,6.0,0.0,0.0,0.0,0.4745,2.688833333333333,572761,Groundout,201500001,6,3,0,R,435400,L,True
196,0.054,1.113,93.5,85.1,2491.608,236.45,40.5,6.0,23.7,-19.571,34.295,-19.196,1.72,3.56,0.598,7.172,-136.734,-6.906,114.94,-1.259,208.73,50.0,5.02,-10.49,6.92,27.0,14.0,X,X,FT,403,3.0,2015000048.0,2.0,2.0,2.0,7.0,0.0,0.0,0.0,0.2716666666666667,2.489833333333333,572761,Groundout,201500001,6,3,0,R,435400,L,True
197,-1.6,1.989,86.8,79.7,1998.772,195.242,14.9,4.3,23.8,-4.602,27.34,-15.287,1.61,3.59,2.0,0.659,-127.042,-7.244,177.99,-1.495,185.08,50.0,6.104,-2.83,10.34,43.0,13.0,B,B,FC,408,0.0,2015000049.0,0.0,0.0,0.0,1.0,0.0,0.0,0.0,-1.3116666666666668,3.184833333333333,624585,Lineout,201500001,6,1,3,R,425794,R,False
198,1.098,1.753,83.6,77.9,1430.297,169.064,-8.2,5.7,23.9,2.29,22.584,-20.324,1.61,3.59,2.0,4.817,-122.421,-6.403,75.15,-1.084,191.45,50.0,6.124,1.5,7.71,59.0,14.0,B,B,FC,409,0.0,2015000049.0,1.0,0.0,0.0,2.0,0.0,0.0,0.0,-0.118,3.296,624585,Lineout,201500001,6,1,3,R,425794,R,False
199,-0.323,4.504,82.6,76.9,1179.465,133.648,-16.1,7.1,23.9,7.128,21.218,-25.375,1.61,3.59,2.0,1.098,-121.166,0.675,129.31,-1.397,117.17,50.0,6.419,4.74,4.47,27.0,11.0,B,B,FC,410,0.0,2015000049.0,2.0,0.0,0.0,3.0,0.0,0.0,0.0,-1.255,5.0889999999999995,624585,Lineout,201500001,6,1,3,R,425794,R,False
200,-0.217,2.252,85.4,78.9,1756.836,191.193,7.3,4.8,23.8,-2.941,25.043,-17.314,1.61,3.59,2.0,2.971,-125.093,-6.072,125.27,-1.179,177.98,50.0,6.128,-1.85,9.32,29.0,8.0,C,S,FC,411,0.0,2015000049.0,3.0,0.0,0.0,4.0,0.0,0.0,0.0,-0.5438333333333334,3.4133333333333327,624585,Lineout,201500001,6,1,3,R,425794,R,False
201,0.156,2.793,87.9,80.4,2025.888,190.456,8.7,3.9,23.7,-3.264,29.049,-14.49,1.61,3.59,2.0,3.961,-128.778,-5.437,111.05,-1.154,163.37,50.0,6.069,-1.96,10.58,25.0,5.0,S,S,FF,412,0.0,2015000049.0,3.0,1.0,0.0,5.0,0.0,0.0,0.0,-0.3356666666666666,3.5493333333333332,624585,Lineout,201500001,6,1,3,R,425794,R,False
202,-0.162,2.211,89.1,82.0,2014.302,189.931,9.1,3.8,23.8,-3.124,28.068,-14.335,1.61,3.59,2.0,2.863,-130.439,-6.999,123.18,-1.039,179.08,50.0,6.015,-1.82,10.34,31.0,8.0,F,S,FF,413,0.0,2015000049.0,3.0,2.0,0.0,6.0,0.0,0.0,0.0,-0.44883333333333325,3.2513333333333327,624585,Lineout,201500001,6,1,3,R,425794,R,False
203,-0.28,2.707,83.7,77.5,1007.672,132.951,-13.3,7.4,23.8,6.237,24.06,-26.368,1.61,3.59,2.0,0.896,-122.682,-3.126,127.67,-1.181,165.69,50.0,6.243,4.09,3.76,33.0,4.0,X,X,FC,414,0.0,2015000049.0,3.0,2.0,0.0,7.0,0.0,0.0,0.0,-1.0713333333333335,4.161666666666666,624585,Lineout,201500001,6,1,3,R,425794,R,False
204,-1.474,3.202,86.8,79.0,2183.999,234.264,34.5,6.6,23.7,-15.541,29.689,-20.992,1.66,3.59,2.0,2.926,-127.181,-2.858,173.19,-1.399,152.33,50.0,6.033,-9.63,6.88,42.0,11.0,B,B,SI,418,0.0,2015000050.0,0.0,0.0,1.0,1.0,0.0,0.0,0.0,-0.634,4.0441666666666665,519203,Groundout,201500001,6,2,3,R,425794,L,False
205,-1.564,3.062,82.5,75.1,2136.778,241.602,31.7,8.0,23.7,-15.663,27.283,-23.706,1.66,3.59,2.0,3.056,-120.892,-2.584,176.62,-1.459,156.11,50.0,6.263,-10.77,5.77,22.0,11.0,B,B,CH,419,0.0,2015000050.0,1.0,0.0,1.0,2.0,0.0,0.0,0.0,-0.6140000000000001,4.181666666666667,519203,Groundout,201500001,6,2,3,R,425794,L,False
206,-0.172,1.906,87.3,80.4,1531.93,184.462,1.4,4.9,23.8,-1.051,27.188,-18.712,1.66,3.59,2.0,2.875,-127.877,-6.698,123.56,-1.229,187.32,50.0,6.035,-0.64,8.11,39.0,8.0,F,S,FC,420,0.0,2015000050.0,2.0,0.0,1.0,3.0,0.0,0.0,0.0,-0.6471666666666667,3.2946666666666666,519203,Groundout,201500001,6,2,3,R,425794,L,False
207,0.637,2.7,84.3,78.2,1138.906,131.366,-16.4,7.2,23.8,7.282,24.032,-25.762,1.66,3.59,2.0,2.875,-123.596,-3.448,92.72,-1.15,165.88,50.0,6.27,4.7,4.09,39.0,6.0,X,X,FC,421,0.0,2015000050.0,2.0,1.0,1.0,4.0,0.0,0.0,0.0,-0.6481666666666666,4.144166666666666,519203,Groundout,201500001,6,2,3,R,425794,L,False
208,0.466,2.09,72.3,66.4,1977.357,48.504,-14.7,15.8,23.8,10.83,22.486,-41.754,1.54,3.37,2.0,0.863,-106.086,0.994,99.24,-1.212,182.35,50.0,6.474,9.75,-8.69,79.0,9.0,C,S,CU,425,0.0,2015000051.0,0.0,0.0,2.0,1.0,0.0,0.0,0.0,-1.1855,5.006166666666667,516770,Single,201500001,6,2,3,R,425794,R,False
209,0.656,3.272,87.7,81.2,1570.855,183.751,0.1,4.6,23.8,-0.911,25.426,-18.286,1.54,3.37,2.0,4.597,-128.54,-3.724,91.99,-1.081,150.44,50.0,6.151,-0.54,8.22,53.0,3.0,F,S,FC,426,0.0,2015000051.0,0.0,1.0,2.0,2.0,0.0,0.0,0.0,-0.16749999999999995,4.0265,516770,Single,201500001,6,2,3,R,425794,R,False
210,1.728,1.531,74.7,69.0,1773.994,37.521,-11.6,14.9,23.8,8.157,23.017,-42.796,1.54,3.37,2.0,4.126,-109.526,-0.425,51.13,-1.084,197.44,50.0,6.385,6.85,-8.99,28.0,14.0,B,B,CU,427,0.0,2015000051.0,0.0,2.0,2.0,3.0,0.0,0.0,0.0,-0.24883333333333335,4.707166666666667,516770,Single,201500001,6,2,3,R,425794,R,False
211,0.281,2.2,89.6,82.0,1553.085,194.494,7.7,4.8,23.8,-3.515,30.276,-18.578,1.54,3.37,2.0,3.743,-131.18,-6.385,106.29,-0.906,179.38,50.0,6.071,-2.04,7.84,30.0,6.0,D,X,FF,428,0.0,2015000051.0,1.0,2.0,2.0,4.0,0.0,0.0,0.0,-0.1425,3.482166666666667,516770,Single,201500001,6,2,3,R,425794,R,False
212,0.319,2.921,86.0,80.1,981.928,177.765,-2.2,6.1,23.9,0.333,23.408,-23.647,1.47,3.27,2.0,3.38,-126.081,-3.652,104.84,-1.061,159.91,50.0,6.276,0.2,5.2,53.0,3.0,F,S,FC,432,0.0,2015000052.0,0.0,0.0,2.0,1.0,1.0,0.0,0.0,-0.38766666666666666,4.165166666666666,458085,Flyout,201500001,6,3,3,R,425794,L,False
213,-1.298,0.716,73.1,67.8,1910.008,38.305,-10.9,15.8,23.8,8.75,21.835,-43.251,1.47,3.27,2.0,-1.806,-107.221,-1.824,166.48,-1.43,219.45,50.0,6.489,7.66,-9.76,15.0,13.0,*B,B,CU,433,0.0,2015000052.0,0.0,1.0,2.0,2.0,1.0,0.0,0.0,-2.002333333333333,4.4158333333333335,458085,Flyout,201500001,6,3,3,R,425794,L,False
214,0.141,2.832,83.6,77.8,673.482,151.374,-6.5,7.4,23.9,2.727,22.918,-27.178,1.47,3.27,2.0,2.587,-122.61,-2.969,111.63,-1.157,162.32,50.0,6.363,1.78,3.21,28.0,2.0,X,X,FC,434,0.0,2015000052.0,1.0,1.0,2.0,3.0,1.0,0.0,0.0,-0.6563333333333333,4.33,458085,Flyout,201500001,6,3,3,R,425794,L,False
215,-0.4,2.564,91.2,83.2,2556.668,203.502,35.2,3.4,23.7,-9.385,31.505,-10.593,1.59,3.45,2.0,3.547,-133.54,-6.739,132.25,-1.07,169.55,50.0,5.9,-5.25,12.03,50.0,4.0,X,X,FF,442,3.0,2015000053.0,0.0,0.0,0.0,1.0,0.0,0.0,0.0,-0.2975000000000001,3.2295000000000003,518792,Groundout,201500001,7,1,0,R,519166,L,True
216,0.853,2.216,93.4,85.3,2615.442,194.404,24.6,2.4,23.7,-6.126,32.277,-8.324,1.82,3.67,2.0,6.151,-136.59,-8.27,84.49,-1.011,178.95,50.0,5.869,-3.27,12.68,74.0,14.0,C,S,FF,446,3.0,2015000054.0,0.0,0.0,1.0,1.0,0.0,0.0,0.0,0.19350000000000006,2.985833333333334,407812,Strikeout,201500001,7,2,0,R,519166,R,True
217,-0.133,1.1,84.0,78.6,481.964,123.625,-6.7,8.1,23.9,3.406,22.882,-29.909,1.82,3.67,2.0,1.331,-123.126,-5.872,122.07,-0.966,209.08,50.0,6.025,2.2,1.42,17.0,13.0,F,S,SL,447,3.0,2015000054.0,0.0,1.0,1.0,2.0,0.0,0.0,0.0,-0.7328333333333333,3.444166666666667,407812,Strikeout,201500001,7,2,0,R,519166,R,True
218,0.614,2.692,92.7,84.2,2635.959,196.158,28.5,2.6,23.7,-6.863,33.741,-8.489,1.82,3.67,2.0,5.417,-135.72,-7.017,93.6,-0.937,166.1,50.0,5.925,-3.73,12.85,39.0,6.0,S,S,FF,448,3.0,2015000054.0,0.0,2.0,1.0,3.0,0.0,0.0,0.0,0.14933333333333332,3.237666666666667,407812,Strikeout,201500001,7,2,0,R,519166,R,True
219,0.313,1.552,82.9,76.9,692.797,110.36,-10.4,8.6,23.8,5.438,24.255,-30.156,1.73,3.68,2.0,1.6,-121.465,-4.595,105.07,-0.829,196.88,50.0,6.097,3.65,1.3,75.0,14.0,S,S,SL,452,3.0,2015000055.0,0.0,0.0,2.0,1.0,0.0,0.0,0.0,-0.5621666666666667,3.716166666666667,425509,Single,201500001,7,2,0,R,519166,R,True
220,2.44,1.676,85.1,79.2,545.467,120.41,-9.6,8.0,23.9,4.038,24.288,-29.804,1.73,3.68,2.0,6.706,-124.531,-4.613,23.99,-0.618,193.53,50.0,6.009,2.56,1.46,30.0,14.0,B,B,SL,453,3.0,2015000055.0,0.0,1.0,2.0,2.0,0.0,0.0,0.0,0.6976666666666667,3.7208333333333337,425509,Single,201500001,7,2,0,R,519166,R,True
221,0.007,3.343,84.3,78.1,761.41,125.422,-10.8,7.6,23.8,5.288,23.929,-28.413,1.73,3.68,2.0,0.903,-123.642,-1.1,116.73,-0.806,148.52,50.0,6.171,3.41,2.37,24.0,2.0,S,S,SL,454,3.0,2015000055.0,1.0,1.0,2.0,3.0,0.0,0.0,0.0,-0.6836666666666666,4.5595,425509,Single,201500001,7,2,0,R,519166,R,True
222,0.772,3.005,92.4,84.6,2073.618,206.137,24.3,3.9,23.8,-8.517,31.002,-14.818,1.73,3.68,2.0,6.015,-135.262,-4.831,87.57,-0.886,157.65,50.0,5.862,-4.62,9.38,48.0,12.0,D,X,FF,455,3.0,2015000055.0,1.0,2.0,2.0,4.0,0.0,0.0,0.0,0.328,3.6518333333333337,425509,Single,201500001,7,2,0,R,519166,R,True
223,-0.933,1.083,91.8,84.3,2252.637,206.819,29.1,4.0,23.8,-9.411,30.699,-13.56,1.68,3.57,2.0,3.09,-134.332,-9.617,152.56,-1.429,209.54,50.0,5.687,-5.18,10.21,65.0,13.0,B,B,FF,459,3.0,2015000056.0,0.0,0.0,2.0,1.0,1.0,0.0,0.0,-0.7493333333333334,2.5341666666666667,571431,Pop Out,201500001,7,3,0,R,519166,L,True
224,-1.005,1.903,91.8,83.7,2388.111,195.924,23.9,3.2,23.7,-6.071,32.348,-10.897,1.68,3.57,2.0,1.642,-134.417,-8.171,155.31,-1.191,187.4,50.0,5.779,-3.36,11.73,61.0,13.0,X,X,FF,460,3.0,2015000056.0,1.0,0.0,2.0,2.0,1.0,0.0,0.0,-0.8179999999999998,2.8635,571431,Pop Out,201500001,7,3,0,R,519166,L,True
225,-0.533,1.321,92.7,84.8,1758.227,217.498,24.0,5.0,23.8,-10.014,32.567,-19.123,1.57,3.5,2.0,3.144,-135.737,-7.352,137.32,-1.008,203.11,50.0,5.419,-5.42,7.03,73.0,13.0,X,X,FF,468,0.0,2015000057.0,0.0,0.0,0.0,1.0,0.0,0.0,0.0,-0.3188333333333333,2.7841666666666662,592609,Groundout,201500001,7,1,3,R,593372,R,False
226,-0.567,0.488,91.9,85.0,2409.412,211.08,35.5,4.1,23.8,-11.517,28.324,-13.068,1.55,3.36,2.0,3.204,-134.328,-10.454,138.61,-0.957,225.6,50.0,5.352,-6.29,10.39,54.0,13.0,B,B,FF,474,0.0,2015000058.0,0.0,0.0,1.0,1.0,0.0,0.0,0.0,-0.23783333333333334,2.0541666666666667,570489,Walk,201500001,7,1,3,R,593372,L,False
227,0.37,2.028,89.4,81.7,2021.549,208.594,23.4,4.5,23.7,-8.729,30.011,-16.161,1.55,3.36,2.0,5.237,-130.884,-6.026,102.9,-1.006,184.02,50.0,5.589,-5.08,9.27,40.0,9.0,C,S,FF,475,0.0,2015000058.0,1.0,0.0,1.0,2.0,0.0,0.0,0.0,0.10533333333333333,3.0360000000000005,570489,Walk,201500001,7,1,3,R,593372,L,False
228,-1.93,3.192,91.6,84.1,2234.798,247.821,37.1,6.9,23.8,-19.153,30.434,-24.366,1.55,3.36,2.0,2.001,-134.272,-1.451,190.57,-1.318,152.6,50.0,5.481,-10.54,4.26,38.0,11.0,B,B,FT,476,0.0,2015000058.0,1.0,1.0,1.0,3.0,0.0,0.0,0.0,-0.7456666666666668,3.9815,570489,Walk,201500001,7,1,3,R,593372,L,False
229,-0.719,2.402,91.8,83.6,2226.584,238.569,36.6,6.3,23.7,-17.623,33.285,-21.404,1.55,3.36,2.0,4.129,-134.572,-4.143,144.41,-1.019,173.93,50.0,5.507,-9.76,5.92,53.0,13.0,F,S,FT,477,0.0,2015000058.0,2.0,1.0,1.0,4.0,0.0,0.0,0.0,-0.05566666666666664,3.4611666666666667,570489,Walk,201500001,7,1,3,R,593372,L,False
230,-0.92,0.004,85.3,78.6,2532.223,262.387,33.9,9.7,23.8,-21.6,27.801,-29.287,1.55,3.36,2.0,4.187,-124.853,-7.452,152.07,-0.832,238.67,50.0,5.474,-13.84,1.8,46.0,13.0,B,B,CH,478,0.0,2015000058.0,2.0,2.0,1.0,5.0,0.0,0.0,0.0,0.2773333333333333,2.589,570489,Walk,201500001,7,1,3,R,593372,L,False
231,0.039,2.032,94.1,85.9,2022.78,203.541,22.8,3.8,23.7,-7.672,33.49,-14.565,1.55,3.36,2.0,3.635,-137.762,-6.728,115.51,-0.78,183.92,50.0,5.509,-4.03,9.22,30.0,8.0,F,S,FF,479,0.0,2015000058.0,3.0,2.0,1.0,6.0,0.0,0.0,0.0,-0.03466666666666662,3.0021666666666667,570489,Walk,201500001,7,1,3,R,593372,L,False
232,0.931,0.542,92.3,85.3,2478.829,237.065,39.4,6.1,23.8,-19.326,28.564,-19.655,1.55,3.36,2.0,8.512,-134.767,-8.846,81.51,-0.902,224.15,50.0,5.248,-10.48,6.75,54.0,14.0,*B,B,FT,480,0.0,2015000058.0,3.0,2.0,1.0,7.0,0.0,0.0,0.0,0.8878333333333335,2.3325,570489,Walk,201500001,7,1,3,R,593372,L,False
233,-0.571,2.112,93.0,85.8,1915.106,221.435,29.6,4.9,23.8,-11.9,29.566,-18.693,1.43,3.3,2.0,2.998,-136.221,-5.485,138.77,-0.863,181.76,50.0,5.441,-6.33,7.13,59.0,4.0,F,S,FF,484,0.0,2015000059.0,0.0,0.0,1.0,1.0,1.0,0.0,0.0,-0.1895,3.1823333333333332,471083,Strikeout,201500001,7,2,3,R,593372,L,False
234,-0.055,1.454,94.1,86.6,2481.943,200.685,32.2,3.0,23.8,-8.318,30.362,-10.145,1.43,3.3,2.0,3.471,-137.641,-8.706,119.1,-0.769,199.52,50.0,5.343,-4.33,11.44,37.0,8.0,B,B,FF,485,0.0,2015000059.0,0.0,1.0,1.0,2.0,1.0,0.0,0.0,-0.051166666666666694,2.4451666666666667,471083,Strikeout,201500001,7,2,3,R,593372,L,False
235,-1.092,1.299,92.2,85.1,2129.353,252.772,33.6,7.3,23.8,-18.937,29.946,-26.302,1.43,3.3,2.0,3.108,-135.083,-5.679,158.62,-0.925,203.71,50.0,5.282,-10.27,3.14,73.0,13.0,B,B,FT,486,0.0,2015000059.0,1.0,1.0,1.0,3.0,1.0,0.0,0.0,-0.15266666666666684,3.028833333333333,471083,Strikeout,201500001,7,2,3,R,593372,L,False
236,-0.527,1.96,85.5,78.4,2267.149,262.455,31.3,9.1,23.8,-19.412,27.78,-29.603,1.43,3.3,2.0,4.737,-125.305,-2.997,137.09,-0.85,185.86,50.0,5.617,-12.34,1.59,42.0,7.0,F,S,CH,490,0.0,2015000059.0,2.0,1.0,1.0,4.0,0.0,1.0,0.0,0.3398333333333333,3.656,471083,Strikeout,201500001,7,2,3,R,593372,L,False
237,-2.387,1.338,84.9,78.5,2051.118,267.128,28.4,9.5,23.8,-17.58,26.592,-31.292,1.43,3.3,2.0,0.667,-124.502,-4.159,207.99,-1.196,202.65,50.0,5.639,-11.28,0.52,35.0,13.0,B,B,CH,491,0.0,2015000059.0,2.0,2.0,1.0,5.0,0.0,1.0,0.0,-0.8515000000000001,3.4451666666666667,471083,Strikeout,201500001,7,2,3,R,593372,L,False
238,-1.028,1.501,84.5,77.4,2197.067,255.832,31.4,8.8,23.8,-18.178,27.618,-27.585,1.43,3.3,2.0,3.818,-123.8,-4.098,156.18,-1.061,198.25,50.0,5.52,-11.86,2.95,61.0,13.0,S,S,CH,492,0.0,2015000059.0,3.0,2.0,1.0,6.0,0.0,1.0,0.0,-0.0561666666666667,3.264666666666666,471083,Strikeout,201500001,7,2,3,R,593372,L,False
239,0.081,0.867,93.6,86.0,1771.401,212.561,21.8,4.6,23.8,-8.994,31.32,-18.09,1.52,3.39,2.0,4.528,-136.862,-8.647,113.91,-0.98,215.37,50.0,5.315,-4.76,7.42,38.0,14.0,B,B,FF,496,0.0,2015000060.0,0.0,0.0,2.0,1.0,0.0,1.0,0.0,-0.05283333333333334,2.472666666666667,600303,Groundout,201500001,7,3,3,R,593372,L,False
240,-0.642,2.407,92.6,85.3,1931.36,200.922,19.8,3.8,23.8,-6.45,29.687,-15.304,1.52,3.39,2.0,2.423,-135.669,-5.264,141.47,-1.097,173.79,50.0,5.439,-3.46,9.01,42.0,4.0,C,S,FF,497,0.0,2015000060.0,1.0,0.0,2.0,2.0,0.0,1.0,0.0,-0.5811666666666666,3.1721666666666666,600303,Groundout,201500001,7,3,3,R,593372,L,False
241,-0.562,2.244,84.3,77.9,1801.356,244.512,26.6,7.7,23.8,-13.841,24.661,-25.576,1.52,3.39,2.0,3.889,-123.491,-3.139,138.42,-0.993,178.19,50.0,5.684,-8.97,4.23,39.0,4.0,C,S,CH,498,0.0,2015000060.0,1.0,1.0,2.0,3.0,0.0,1.0,0.0,-0.030000000000000027,3.6115000000000004,600303,Groundout,201500001,7,3,3,R,593372,L,False
242,1.007,1.21,82.7,76.9,1401.063,90.543,-20.4,9.5,23.8,11.713,23.963,-32.063,1.52,3.39,2.0,2.52,-121.292,-3.134,78.62,-1.068,206.11,50.0,5.318,7.87,0.03,58.0,14.0,B,B,CU,499,0.0,2015000060.0,1.0,2.0,2.0,4.0,0.0,1.0,0.0,-0.6863333333333335,3.2615,600303,Groundout,201500001,7,3,3,R,593372,L,False
243,-0.639,3.037,80.7,74.8,1911.466,82.444,-23.8,10.7,23.8,15.447,22.419,-34.223,1.52,3.39,2.0,-2.22,-118.268,0.5,141.36,-1.105,156.78,50.0,5.96,10.9,-1.5,41.0,1.0,F,S,CU,500,0.0,2015000060.0,2.0,2.0,2.0,5.0,0.0,1.0,0.0,-1.7803333333333333,4.6235,600303,Groundout,201500001,7,3,3,R,593372,L,False
244,-0.728,2.203,94.1,86.4,2131.101,211.111,31.6,4.0,23.8,-10.469,31.891,-14.828,1.52,3.39,2.0,2.219,-137.926,-5.975,144.75,-0.836,179.3,50.0,5.404,-5.46,9.0,45.0,13.0,X,X,FF,501,0.0,2015000060.0,2.0,2.0,2.0,6.0,0.0,1.0,0.0,-0.327,3.0534999999999997,600303,Groundout,201500001,7,3,3,R,593372,L,False
245,0.865,1.825,81.8,75.4,338.231,324.764,1.2,9.8,23.8,-1.612,25.103,-34.456,1.57,3.51,2.0,4.632,-119.841,-2.336,84.03,-0.955,189.51,50.0,5.917,-1.12,-1.63,86.0,14.0,F,S,SL,511,3.0,2015000061.0,0.0,0.0,0.0,1.0,0.0,0.0,0.0,0.04833333333333335,4.006833333333334,425877,Strikeout,201500001,8,1,0,R,467008,R,True
246,0.354,3.048,92.9,85.1,2345.794,240.512,38.7,6.2,23.8,-19.15,31.626,-21.345,1.57,3.51,2.0,6.195,-136.06,-3.606,103.51,-0.624,156.48,50.0,5.881,-10.28,5.77,44.0,3.0,F,S,FT,512,3.0,2015000061.0,0.0,1.0,0.0,2.0,0.0,0.0,0.0,0.7216666666666666,3.9836666666666667,425877,Strikeout,201500001,8,1,0,R,467008,R,True
247,0.249,2.887,92.9,85.1,2627.937,242.57,43.2,6.5,23.8,-21.88,31.855,-20.818,1.57,3.51,2.0,6.229,-136.091,-4.144,107.51,-0.552,160.83,50.0,5.884,-11.75,6.06,42.0,3.0,F,S,FT,513,3.0,2015000061.0,0.0,2.0,0.0,3.0,0.0,0.0,0.0,0.8276666666666666,3.8805000000000005,425877,Strikeout,201500001,8,1,0,R,467008,R,True
248,1.468,2.184,82.4,76.5,499.849,119.054,-8.1,8.5,23.8,3.638,23.368,-30.153,1.57,3.51,2.0,4.333,-120.79,-2.681,61.04,-0.668,179.81,50.0,5.957,2.46,1.32,23.0,14.0,B,B,SL,514,3.0,2015000061.0,0.0,2.0,0.0,4.0,0.0,0.0,0.0,0.19499999999999998,3.9605,425877,Strikeout,201500001,8,1,0,R,467008,R,True
249,1.219,0.16,81.1,75.6,487.575,134.178,-6.7,8.7,23.9,2.861,22.475,-29.394,1.57,3.51,2.0,4.749,-118.699,-6.636,70.53,-1.067,234.46,50.0,5.664,2.0,1.89,40.0,14.0,B,B,SL,515,3.0,2015000061.0,1.0,2.0,0.0,5.0,0.0,0.0,0.0,-0.09066666666666659,2.7544999999999997,425877,Strikeout,201500001,8,1,0,R,467008,R,True
250,0.33,3.418,93.4,85.5,2392.822,228.175,40.8,5.1,23.8,-16.817,31.937,-17.125,1.57,3.51,0.873,5.949,-136.827,-3.513,104.42,-0.719,146.49,50.0,5.901,-8.93,7.95,49.0,3.0,F,S,FT,516,3.0,2015000061.0,2.0,2.0,0.0,6.0,0.0,0.0,0.0,0.5496666666666666,3.9969999999999994,425877,Strikeout,201500001,8,1,0,R,467008,R,True
251,-1.025,1.791,93.7,85.5,2234.431,244.47,36.8,6.7,23.7,-19.074,34.527,-23.064,1.57,3.51,2.0,2.621,-137.245,-6.51,156.07,-0.683,190.42,50.0,5.798,-10.15,4.81,69.0,13.0,T,S,FT,517,3.0,2015000061.0,2.0,2.0,0.0,7.0,0.0,0.0,0.0,-0.008166666666666655,3.393666666666667,425877,Strikeout,201500001,8,1,0,R,467008,R,True
252,0.756,1.488,83.1,76.0,400.204,33.036,-4.1,9.9,23.7,1.832,28.16,-34.991,1.46,3.1,2.0,3.596,-121.815,-2.7,88.18,-0.911,198.6,50.0,5.693,1.24,-1.96,86.0,14.0,B,B,SL,521,3.0,2015000062.0,0.0,0.0,1.0,1.0,0.0,0.0,0.0,-0.18083333333333335,3.7538333333333327,543939,Groundout,201500001,8,2,0,R,467008,L,True
253,-0.79,1.062,93.4,85.7,2224.513,254.363,34.3,7.4,23.8,-20.183,32.879,-26.525,1.45,3.13,0.921,4.099,-136.688,-7.345,147.11,-0.918,210.11,50.0,5.631,-10.77,2.98,68.0,13.0,X,X,FT,522,3.0,2015000062.0,1.0,0.0,1.0,2.0,0.0,0.0,0.0,0.04349999999999987,3.0981666666666667,543939,Groundout,201500001,8,2,0,R,467008,L,True
254,-0.189,1.704,93.0,85.2,2188.029,236.029,35.6,6.0,23.8,-17.036,32.494,-20.696,1.58,3.49,2.0,4.73,-136.204,-6.941,124.2,-0.767,192.77,50.0,5.737,-9.15,6.13,49.0,8.0,D,X,FT,526,3.0,2015000063.0,0.0,0.0,2.0,1.0,0.0,0.0,0.0,0.2845000000000001,3.2096666666666667,445055,Double,201500001,8,2,0,R,467008,L,True
255,-1.402,1.793,82.2,76.0,353.529,27.035,-2.2,9.8,23.8,1.335,24.471,-34.79,1.58,3.52,2.0,-0.022,-120.524,-2.082,170.44,-1.511,190.37,50.0,5.754,0.91,-1.84,57.0,13.0,B,B,SL,532,3.0,2015000064.0,0.0,0.0,2.0,1.0,0.0,1.0,0.0,-1.5323333333333333,3.926833333333333,448602,Strikeout,201500001,8,3,0,R,467008,R,True
256,-2.192,3.296,93.3,85.2,2156.881,228.16,37.9,5.4,23.7,-15.145,33.117,-18.614,1.58,3.52,0.79,-0.244,-136.735,-3.681,200.55,-1.053,149.79,50.0,5.954,-8.09,7.2,36.0,11.0,B,B,FT,533,3.0,2015000064.0,1.0,0.0,2.0,2.0,0.0,1.0,0.0,-0.9483333333333334,4.025,448602,Strikeout,201500001,8,3,0,R,467008,R,True
257,1.034,1.018,95.3,86.6,2632.304,236.663,42.7,5.9,23.7,-21.095,35.826,-18.298,1.58,3.52,2.0,8.334,-139.162,-9.298,77.59,-0.604,211.29,50.0,5.653,-10.93,7.15,56.0,14.0,B,B,FT,534,3.0,2015000064.0,2.0,0.0,2.0,3.0,0.0,1.0,0.0,1.1258333333333332,2.7396666666666665,448602,Strikeout,201500001,8,3,0,R,467008,R,True
258,-0.09,3.214,93.3,84.9,2537.128,212.312,41.2,3.8,23.7,-12.776,33.681,-11.975,1.58,3.52,2.0,5.147,-136.667,-4.798,120.43,-1.121,152.0,50.0,5.833,-6.84,10.78,36.0,2.0,C,S,FF,535,3.0,2015000064.0,3.0,0.0,2.0,4.0,0.0,1.0,0.0,-0.03550000000000009,3.625166666666667,448602,Strikeout,201500001,8,3,0,R,467008,R,True
259,0.686,1.511,81.5,75.0,395.484,75.038,-6.4,9.6,23.8,3.147,25.686,-33.015,1.58,3.52,2.0,3.427,-119.495,-3.111,90.85,-1.06,197.98,50.0,5.833,2.2,-0.64,54.0,14.0,S,S,SL,536,3.0,2015000064.0,3.0,1.0,2.0,5.0,0.0,1.0,0.0,-0.37033333333333335,3.7253333333333334,448602,Strikeout,201500001,8,3,0,R,467008,R,True
260,-1.009,1.856,83.1,76.6,197.474,92.73,-3.1,8.9,23.8,1.657,25.46,-32.095,1.58,3.52,2.0,0.718,-121.873,-2.474,155.46,-1.452,188.67,50.0,5.675,1.11,0.0,53.0,13.0,C,S,SL,537,3.0,2015000064.0,3.0,2.0,2.0,6.0,0.0,1.0,0.0,-1.323,3.7655,448602,Strikeout,201500001,8,3,0,R,467008,R,True
261,0.734,1.534,93.4,85.0,2658.936,220.37,41.5,4.4,23.7,-16.18,33.23,-13.143,1.69,3.76,2.0,12.054,-136.294,-7.96,89.02,-2.639,197.36,50.0,5.423,-8.7,10.2,80.0,14.0,B,B,FF,545,0.0,2015000065.0,0.0,0.0,0.0,1.0,0.0,0.0,0.0,-0.22749999999999992,2.6285,451594,Strikeout,201500001,8,1,3,R,477229,L,False
262,-0.436,2.314,93.1,85.2,2375.223,217.907,36.3,4.3,23.8,-13.692,31.442,-14.591,1.69,3.76,2.0,9.026,-136.118,-5.58,133.62,-2.85,176.3,50.0,5.411,-7.34,9.39,41.0,7.0,F,S,FF,546,0.0,2015000065.0,1.0,0.0,0.0,2.0,0.0,0.0,0.0,-1.0313333333333334,3.0799999999999996,451594,Strikeout,201500001,8,1,3,R,477229,L,False
263,-0.15,1.306,85.0,78.9,2139.061,254.683,29.6,8.3,23.8,-17.661,23.411,-27.337,1.69,3.76,2.0,9.744,-124.194,-4.31,122.72,-2.652,203.52,50.0,5.321,-11.24,3.03,40.0,13.0,S,S,CH,547,0.0,2015000065.0,1.0,1.0,0.0,3.0,0.0,0.0,0.0,-0.4643333333333334,3.061,451594,Strikeout,201500001,8,1,3,R,477229,L,False
264,-1.087,4.146,93.9,86.0,2556.092,236.574,43.9,5.6,23.8,-20.209,31.18,-18.836,1.69,3.76,2.0,8.835,-137.432,-0.312,158.43,-2.971,126.84,50.0,5.543,-10.59,6.95,68.0,11.0,B,B,FF,548,0.0,2015000065.0,1.0,2.0,0.0,4.0,0.0,0.0,0.0,-1.1465,4.265333333333333,451594,Strikeout,201500001,8,1,3,R,477229,L,False
265,0.018,2.204,92.2,84.0,2506.746,217.514,38.4,4.3,23.7,-14.177,31.863,-13.708,1.69,3.76,2.0,9.897,-134.736,-5.468,116.31,-2.708,179.27,50.0,5.245,-7.79,10.1,28.0,8.0,F,S,FF,549,0.0,2015000065.0,2.0,2.0,0.0,5.0,0.0,0.0,0.0,-0.6958333333333335,2.882833333333333,451594,Strikeout,201500001,8,1,3,R,477229,L,False
266,0.353,2.354,85.9,79.0,2347.081,247.729,33.5,7.6,23.8,-18.792,25.728,-24.478,1.69,3.76,2.0,11.307,-125.521,-2.504,103.54,-2.68,175.22,50.0,5.36,-11.79,4.78,35.0,9.0,C,S,CH,550,0.0,2015000065.0,2.0,2.0,0.0,6.0,0.0,0.0,0.0,-0.18100000000000005,3.458666666666667,451594,Strikeout,201500001,8,1,3,R,477229,L,False
267,-0.534,1.663,84.2,78.8,359.168,100.431,-6.5,8.4,23.9,3.004,22.379,-31.621,1.61,3.59,2.0,4.396,-123.379,-3.333,137.35,-2.583,193.88,50.0,5.67,1.93,0.31,79.0,7.0,C,S,SL,554,0.0,2015000066.0,0.0,0.0,1.0,1.0,0.0,0.0,0.0,-1.7193333333333334,3.6406666666666667,624585,Groundout,201500001,8,2,3,R,477229,R,False
268,1.041,1.389,84.0,77.8,400.706,104.143,-8.3,8.6,23.8,3.29,25.009,-31.345,1.61,3.59,2.0,7.747,-122.84,-3.759,77.32,-2.438,201.28,50.0,5.612,2.16,0.5,61.0,14.0,S,S,SL,555,0.0,2015000066.0,0.0,1.0,1.0,2.0,0.0,0.0,0.0,-0.8785000000000002,3.4588333333333336,624585,Groundout,201500001,8,2,3,R,477229,R,False
269,0.03,1.714,95.1,87.3,2602.171,218.766,42.9,4.1,23.8,-15.595,31.328,-12.755,1.61,3.59,2.0,9.564,-138.857,-7.927,115.86,-2.421,192.5,50.0,5.456,-7.99,9.92,33.0,8.0,X,X,FF,556,0.0,2015000066.0,0.0,2.0,1.0,3.0,0.0,0.0,0.0,-0.5296666666666666,2.7583333333333333,624585,Groundout,201500001,8,2,3,R,477229,R,False
270,-1.459,2.111,93.5,85.5,2948.067,233.916,50.2,5.8,23.7,-22.472,32.367,-15.797,1.66,3.59,2.0,8.042,-136.839,-5.8,172.61,-2.895,181.78,50.0,5.354,-11.94,8.66,44.0,13.0,B,B,FF,560,0.0,2015000067.0,0.0,0.0,2.0,1.0,0.0,0.0,0.0,-1.182,3.0108333333333333,519203,Walk,201500001,8,2,3,R,477229,L,False
271,-1.258,1.062,93.7,85.6,3214.267,230.523,55.1,5.7,23.7,-23.417,32.527,-12.887,1.66,3.59,2.0,8.412,-136.929,-8.939,164.95,-2.767,210.11,50.0,5.268,-12.43,10.2,47.0,13.0,B,B,FF,561,0.0,2015000067.0,1.0,0.0,2.0,2.0,0.0,0.0,0.0,-0.9766666666666668,2.315,519203,Walk,201500001,8,2,3,R,477229,L,False
272,-0.498,1.945,86.2,79.2,2439.619,248.312,35.3,7.8,23.8,-19.696,26.635,-24.341,1.66,3.59,2.0,9.582,-126.05,-3.587,135.98,-2.759,186.27,50.0,5.362,-12.29,4.84,45.0,7.0,S,S,CH,562,0.0,2015000067.0,2.0,0.0,2.0,3.0,0.0,0.0,0.0,-0.6043333333333332,3.250166666666667,519203,Walk,201500001,8,2,3,R,477229,L,False
273,-1.281,1.885,94.3,85.8,2899.302,232.982,49.5,5.7,23.7,-22.011,34.528,-15.577,1.81,3.67,2.0,7.767,-137.943,-6.568,165.83,-2.649,187.89,50.0,5.372,-11.58,8.69,64.0,13.0,C,S,FF,563,0.0,2015000067.0,2.0,1.0,2.0,4.0,0.0,0.0,0.0,-0.9999999999999999,2.904333333333333,519203,Walk,201500001,8,2,3,R,477229,L,False
274,0.139,0.927,86.0,78.9,2713.32,256.064,36.6,8.8,23.8,-22.794,27.228,-26.518,1.66,3.59,2.0,11.293,-125.573,-5.303,111.7,-2.564,213.75,50.0,5.244,-14.38,3.52,21.0,14.0,B,B,CH,564,0.0,2015000067.0,2.0,2.0,2.0,5.0,0.0,0.0,0.0,-0.014166666666666439,2.7921666666666662,519203,Walk,201500001,8,2,3,R,477229,L,False
275,-0.806,0.988,86.2,79.7,2245.316,244.803,32.7,7.5,23.8,-17.656,25.465,-23.867,1.66,3.59,2.0,8.438,-126.078,-5.788,147.72,-2.771,212.1,50.0,5.238,-10.96,5.11,44.0,13.0,B,B,CH,565,0.0,2015000067.0,3.0,2.0,2.0,6.0,0.0,0.0,0.0,-0.8751666666666665,2.687166666666667,519203,Walk,201500001,8,2,3,R,477229,L,False
276,0.445,1.234,94.9,86.2,2809.052,224.806,46.5,4.8,23.7,-18.904,35.452,-13.142,1.54,3.37,2.0,10.02,-138.542,-9.708,100.04,-1.962,205.46,50.0,5.696,-9.88,9.91,69.0,14.0,B,B,FF,569,0.0,2015000068.0,0.0,0.0,2.0,1.0,1.0,0.0,0.0,0.06483333333333341,2.6391666666666667,516770,Strikeout,201500001,8,3,3,R,477229,R,False
277,-0.001,2.621,93.7,85.1,2900.171,212.096,50.0,3.6,23.7,-14.561,34.076,-8.959,1.54,3.37,2.0,7.779,-137.084,-6.709,117.04,-1.886,168.01,50.0,5.733,-7.76,12.33,22.0,5.0,F,S,FF,570,0.0,2015000068.0,1.0,0.0,2.0,2.0,1.0,0.0,0.0,-0.2968333333333333,3.1494999999999997,516770,Strikeout,201500001,8,3,3,R,477229,R,False
278,0.123,2.352,94.8,86.6,2329.861,226.702,37.8,4.9,23.7,-16.21,33.721,-16.9,1.54,3.37,2.0,8.321,-138.688,-6.195,112.31,-1.839,175.28,50.0,5.76,-8.4,7.88,25.0,5.0,F,S,FF,571,0.0,2015000068.0,1.0,1.0,2.0,3.0,1.0,0.0,0.0,-0.15799999999999992,3.3993333333333333,516770,Strikeout,201500001,8,3,3,R,477229,R,False
279,0.52,0.474,86.4,80.3,597.775,123.508,-9.8,7.8,23.8,4.341,25.808,-29.3,1.54,3.37,2.0,5.523,-126.352,-7.071,97.18,-2.043,225.98,50.0,5.664,2.69,1.73,30.0,14.0,W,S,SL,572,0.0,2015000068.0,1.0,2.0,2.0,4.0,1.0,0.0,0.0,-0.9856666666666667,2.9248333333333334,516770,Strikeout,201500001,8,3,3,R,477229,R,False
280,0.352,2.263,94.3,86.8,2836.73,214.044,48.8,3.7,23.8,-15.09,30.352,-9.84,1.72,3.56,2.0,9.062,-137.85,-7.549,103.58,-1.958,177.68,50.0,5.699,-7.83,11.56,54.0,9.0,C,S,FF,580,3.0,2015000069.0,0.0,0.0,0.0,1.0,0.0,0.0,0.0,-0.15049999999999997,3.0176666666666665,572761,Flyout,201500001,9,1,0,R,444468,L,True
281,-0.326,1.692,95.3,87.2,2618.125,238.725,43.1,5.9,23.8,-21.497,33.62,-19.117,1.72,3.56,2.0,8.5,-139.373,-7.254,129.43,-1.996,193.1,50.0,5.607,-11.02,6.65,53.0,13.0,F,S,FT,581,3.0,2015000069.0,0.0,1.0,0.0,2.0,0.0,0.0,0.0,-0.2426666666666667,3.0953333333333335,572761,Flyout,201500001,9,1,0,R,444468,L,True
282,-1.241,3.547,95.4,87.1,2417.0,198.969,30.7,2.7,23.7,-7.571,33.826,-10.15,1.72,3.56,2.0,3.872,-139.79,-4.26,164.3,-2.148,143.01,50.0,5.767,-3.86,11.18,65.0,11.0,B,B,FF,582,3.0,2015000069.0,0.0,2.0,0.0,3.0,0.0,0.0,0.0,-1.3728333333333333,3.7253333333333334,572761,Flyout,201500001,9,1,0,R,444468,L,True
283,1.298,1.604,96.4,87.2,2848.91,216.985,47.6,3.8,23.7,-16.619,37.305,-10.109,1.72,3.56,2.0,11.328,-140.67,-9.077,67.52,-1.719,195.47,50.0,5.563,-8.45,11.18,38.0,14.0,B,B,FF,583,3.0,2015000069.0,1.0,2.0,0.0,4.0,0.0,0.0,0.0,0.4936666666666666,2.6518333333333333,572761,Flyout,201500001,9,1,0,R,444468,L,True
284,1.131,-0.908,84.6,78.1,393.483,348.588,-1.3,9.9,23.8,-0.663,27.871,-35.458,1.72,3.56,2.0,8.034,-123.525,-8.287,73.89,-2.127,0.0,50.0,5.527,-0.44,-2.2,41.0,14.0,B,B,SL,584,3.0,2015000069.0,2.0,2.0,0.0,5.0,0.0,0.0,0.0,-0.4613333333333332,2.4928333333333335,572761,Flyout,201500001,9,1,0,R,444468,L,True
285,-0.279,2.656,94.1,85.7,1851.495,215.841,24.7,4.5,23.7,-10.302,34.284,-17.912,1.72,3.56,2.0,6.286,-137.859,-4.705,127.63,-1.898,167.07,50.0,5.615,-5.42,7.47,27.0,4.0,X,X,FF,585,3.0,2015000069.0,3.0,2.0,0.0,6.0,0.0,0.0,0.0,-0.6368333333333334,3.5130000000000003,572761,Flyout,201500001,9,1,0,R,444468,L,True
286,1.217,2.804,94.3,85.9,2339.657,198.624,21.4,2.9,23.7,-7.101,33.75,-11.105,1.59,3.45,2.0,9.229,-137.866,-5.664,70.61,-1.705,163.07,50.0,5.65,-3.73,11.03,68.0,12.0,B,B,FF,589,3.0,2015000070.0,0.0,0.0,1.0,1.0,0.0,0.0,0.0,0.06683333333333336,3.307833333333334,518792,Lineout,201500001,9,2,0,R,444468,L,True
287,-1.002,2.325,94.1,86.0,2322.034,233.734,38.7,5.6,23.7,-17.787,33.293,-19.125,1.59,3.45,2.0,5.995,-137.83,-5.478,155.19,-2.003,176.01,50.0,5.648,-9.33,6.81,58.0,13.0,C,S,FT,590,3.0,2015000070.0,1.0,0.0,1.0,2.0,0.0,0.0,0.0,-0.725,3.419,518792,Lineout,201500001,9,2,0,R,444468,L,True
288,0.836,2.89,95.4,86.4,2671.018,208.204,41.8,3.1,23.7,-12.134,35.997,-9.549,1.59,3.45,2.0,9.018,-139.447,-5.676,85.13,-1.65,160.75,50.0,5.604,-6.26,11.64,56.0,12.0,X,X,FF,591,3.0,2015000070.0,1.0,1.0,1.0,3.0,0.0,0.0,0.0,0.11466666666666664,3.2769999999999997,518792,Lineout,201500001,9,2,0,R,444468,L,True
289,0.354,2.886,83.9,77.3,907.935,96.161,-15.0,8.7,23.8,7.652,25.734,-31.348,1.82,3.67,2.0,4.082,-122.981,-0.715,103.51,-1.984,160.86,50.0,5.854,5.03,0.49,59.0,6.0,S,S,SL,595,3.0,2015000071.0,0.0,0.0,2.0,1.0,0.0,0.0,0.0,-1.2341666666666666,4.329166666666667,407812,Walk,201500001,9,2,0,R,444468,R,True
290,0.098,2.955,94.8,87.0,2259.657,211.381,32.8,3.7,23.8,-11.251,31.436,-13.729,1.82,3.67,2.0,7.603,-138.716,-4.927,113.26,-1.928,159.0,50.0,5.672,-5.78,9.44,24.0,5.0,F,S,FF,596,3.0,2015000071.0,0.0,1.0,2.0,2.0,0.0,0.0,0.0,-0.43333333333333324,3.526833333333333,407812,Walk,201500001,9,2,0,R,444468,R,True
291,-1.535,4.501,94.2,85.4,1814.522,232.223,30.3,5.3,23.7,-13.65,35.447,-21.595,1.82,3.67,2.0,4.392,-138.077,0.528,175.51,-2.226,117.25,50.0,5.779,-7.19,5.53,31.0,11.0,B,B,FT,597,3.0,2015000071.0,0.0,2.0,2.0,3.0,0.0,0.0,0.0,-1.2813333333333334,4.679166666666667,407812,Walk,201500001,9,2,0,R,444468,R,True
292,0.848,3.04,95.3,86.7,2466.052,217.01,39.5,3.9,23.7,-14.26,34.603,-13.258,1.82,3.67,2.0,9.509,-139.362,-4.956,84.68,-1.673,156.7,50.0,5.734,-7.33,9.69,55.0,12.0,F,S,FF,598,3.0,2015000071.0,1.0,2.0,2.0,4.0,0.0,0.0,0.0,0.1983333333333333,3.5795000000000003,407812,Walk,201500001,9,2,0,R,444468,R,True
293,1.29,0.407,85.1,78.7,401.562,44.658,-6.1,9.4,23.8,2.421,26.863,-34.624,1.82,3.67,2.0,7.62,-124.44,-5.436,67.83,-2.024,227.79,50.0,5.515,1.56,-1.62,40.0,14.0,B,B,SL,599,3.0,2015000071.0,1.0,2.0,2.0,5.0,0.0,0.0,0.0,-0.497,3.096,407812,Walk,201500001,9,2,0,R,444468,R,True
294,2.456,0.033,85.2,78.8,714.537,130.313,-12.2,8.0,23.8,4.671,26.953,-28.211,1.82,3.67,2.0,9.451,-124.374,-7.561,23.38,-1.797,237.89,50.0,5.48,3.01,2.5,16.0,14.0,B,B,SL,600,3.0,2015000071.0,2.0,2.0,2.0,6.0,0.0,0.0,0.0,0.07866666666666672,2.548166666666667,407812,Walk,201500001,9,2,0,R,444468,R,True
295,1.207,0.808,84.2,77.6,663.87,87.795,-11.6,9.1,23.8,5.636,27.189,-32.391,1.82,3.67,2.0,6.603,-123.257,-4.902,70.99,-2.0,216.96,50.0,5.594,3.71,-0.19,40.0,14.0,B,B,SL,601,3.0,2015000071.0,3.0,2.0,2.0,7.0,0.0,0.0,0.0,-0.7056666666666667,3.216833333333333,407812,Walk,201500001,9,2,0,R,444468,R,True
296,-0.215,3.586,93.0,84.9,2283.186,204.448,28.8,3.3,23.7,-8.874,32.376,-12.656,1.73,3.68,2.0,6.411,-136.238,-3.277,125.2,-1.99,141.96,50.0,5.69,-4.76,10.44,58.0,2.0,S,S,FF,607,3.0,2015000072.0,0.0,0.0,2.0,1.0,1.0,0.0,0.0,-0.7058333333333333,3.768,425509,Flyout,201500001,9,3,0,R,444468,R,True
297,-0.161,3.172,94.0,85.7,2324.259,198.307,23.9,2.9,23.7,-6.927,33.156,-11.239,1.73,3.68,2.0,6.06,-137.642,-4.773,123.14,-1.927,153.14,50.0,5.703,-3.64,10.97,33.0,2.0,X,X,FF,613,3.0,2015000072.0,0.0,1.0,2.0,2.0,0.0,0.0,1.0,-0.7406666666666667,3.5233333333333334,425509,Flyout,201500001,9,3,0,R,444468,R,True
298,-0.734,1.747,94.9,87.3,2078.684,209.316,28.9,4.0,23.8,-9.745,31.79,-14.821,1.47,3.27,2.0,2.238,-138.903,-8.628,144.98,-0.902,191.61,50.0,5.883,-5.0,8.86,72.0,13.0,C,S,FF,625,0.0,2015000073.0,0.0,0.0,0.0,1.0,0.0,0.0,0.0,-0.4013333333333334,3.0766666666666667,458085,Strikeout,201500001,9,1,3,R,572096,L,False
299,1.735,2.166,96.2,88.0,2320.694,192.783,14.5,2.6,23.8,-4.977,33.988,-10.241,1.47,3.27,2.0,7.635,-140.6,-8.564,50.87,-0.699,180.3,50.0,5.928,-2.5,11.0,23.0,14.0,B,B,FF,626,0.0,2015000073.0,0.0,1.0,0.0,2.0,0.0,0.0,0.0,0.7263333333333334,3.130333333333333,458085,Strikeout,201500001,9,1,3,R,572096,L,False
300,-0.177,3.388,85.6,78.5,2163.872,239.498,33.3,7.1,23.8,-16.122,26.817,-22.677,1.55,3.15,2.0,4.38,-125.451,-2.14,123.75,-0.629,147.3,50.0,6.112,-10.18,5.95,42.0,11.0,C,S,CH,627,0.0,2015000073.0,1.0,1.0,0.0,3.0,0.0,0.0,0.0,0.44533333333333325,4.254166666666666,458085,Strikeout,201500001,9,1,3,R,572096,L,False
301,-0.135,1.445,86.6,80.1,2162.375,233.287,32.7,6.6,23.8,-15.136,25.543,-20.887,1.47,3.27,2.0,4.426,-126.677,-6.936,122.15,-0.695,199.77,50.0,5.885,-9.3,6.89,38.0,13.0,B,B,CH,628,0.0,2015000073.0,1.0,2.0,0.0,4.0,0.0,0.0,0.0,0.36000000000000004,3.0908333333333333,458085,Strikeout,201500001,9,1,3,R,572096,L,False
302,-0.671,1.812,97.7,89.1,2250.897,196.478,23.7,2.9,23.7,-6.29,36.296,-10.912,1.47,3.27,2.0,1.869,-142.912,-9.398,142.58,-0.937,189.86,50.0,5.849,-3.08,10.36,54.0,7.0,C,S,FF,629,0.0,2015000073.0,2.0,2.0,0.0,5.0,0.0,0.0,0.0,-0.5473333333333334,2.967166666666667,458085,Strikeout,201500001,9,1,3,R,572096,L,False
303,0.956,4.629,78.4,72.6,1118.656,88.416,-16.0,10.0,23.8,8.86,21.061,-32.419,1.57,3.5,2.0,1.684,-114.949,3.044,80.56,-0.645,113.8,50.0,6.432,6.61,-0.24,85.0,12.0,B,B,CU,633,0.0,2015000074.0,0.0,0.0,1.0,1.0,0.0,0.0,0.0,-0.3953333333333334,5.5504999999999995,592609,Strikeout,201500001,9,2,3,R,572096,R,False
304,1.629,1.53,94.4,86.7,2289.755,190.198,9.7,2.8,23.8,-3.854,31.818,-10.753,1.57,3.5,2.0,7.339,-137.902,-10.12,54.91,-0.81,197.47,50.0,5.981,-2.01,11.13,33.0,14.0,B,B,FF,634,0.0,2015000074.0,1.0,0.0,1.0,2.0,0.0,0.0,0.0,0.577,2.828,592609,Strikeout,201500001,9,2,3,R,572096,R,False
305,-0.377,2.131,97.1,88.6,2642.416,204.802,42.5,3.0,23.7,-10.854,35.497,-8.687,1.57,3.5,2.0,3.344,-142.056,-9.083,131.37,-0.878,181.24,50.0,5.94,-5.36,11.57,39.0,7.0,C,S,FF,635,0.0,2015000074.0,2.0,0.0,1.0,3.0,0.0,0.0,0.0,-0.18083333333333323,3.071333333333333,592609,Strikeout,201500001,9,2,3,R,572096,R,False
306,-0.02,2.926,97.4,89.0,2223.5,207.373,32.5,3.4,23.7,-10.048,34.938,-12.768,1.57,3.5,2.0,3.886,-142.586,-6.396,117.76,-0.767,159.78,50.0,6.015,-4.92,9.46,27.0,2.0,F,S,FF,636,0.0,2015000074.0,2.0,1.0,1.0,4.0,0.0,0.0,0.0,0.01649999999999996,3.682166666666666,592609,Strikeout,201500001,9,2,3,R,572096,R,False
307,-0.087,3.751,97.8,89.6,2407.381,189.614,18.4,2.1,23.8,-3.972,34.3,-8.728,1.57,3.5,2.0,2.863,-143.308,-5.059,120.32,-0.851,137.5,50.0,6.088,-1.92,11.28,41.0,11.0,S,S,FF,637,0.0,2015000074.0,2.0,2.0,1.0,5.0,0.0,0.0,0.0,-0.30899999999999994,3.9795000000000003,592609,Strikeout,201500001,9,2,3,R,572096,R,False
308,0.082,1.057,97.2,89.1,2736.552,210.095,46.4,3.4,23.8,-13.426,33.872,-9.009,1.55,3.36,2.0,4.671,-141.945,-11.645,113.87,-0.729,210.24,50.0,5.796,-6.61,11.37,38.0,14.0,B,B,FF,641,0.0,2015000075.0,0.0,0.0,2.0,1.0,0.0,0.0,0.0,0.2273333333333334,2.479,570489,Strikeout,201500001,9,3,3,R,572096,L,False
309,0.468,0.907,97.3,89.2,3008.287,197.278,46.6,2.1,23.8,-8.748,33.782,-4.052,1.55,3.36,2.0,5.136,-142.032,-13.086,99.16,-0.809,214.29,50.0,5.841,-4.3,13.79,35.0,14.0,B,B,FF,642,0.0,2015000075.0,1.0,0.0,2.0,2.0,0.0,0.0,0.0,0.18783333333333332,2.2248333333333337,570489,Strikeout,201500001,9,3,3,R,572096,L,False
310,-0.871,2.8,96.3,88.4,2403.655,201.202,33.8,2.9,23.8,-8.456,33.307,-10.377,1.55,3.36,2.0,1.781,-141.114,-6.923,150.2,-0.965,163.18,50.0,5.96,-4.21,10.82,55.0,11.0,C,S,FF,643,0.0,2015000075.0,2.0,0.0,2.0,3.0,0.0,0.0,0.0,-0.5671666666666666,3.478333333333333,570489,Strikeout,201500001,9,3,3,R,572096,L,False
311,-0.842,2.133,96.7,88.4,2639.428,210.879,45.9,3.5,23.7,-13.219,34.786,-10.069,1.55,3.36,2.0,2.661,-141.57,-8.712,149.1,-0.945,181.19,50.0,5.909,-6.57,10.95,54.0,13.0,F,S,FF,644,0.0,2015000075.0,2.0,1.0,2.0,4.0,0.0,0.0,0.0,-0.346,3.1085,570489,Strikeout,201500001,9,3,3,R,572096,L,False
312,1.377,2.97,86.0,79.5,2274.763,222.694,33.1,5.5,23.8,-13.388,24.588,-17.663,1.55,3.36,2.0,7.255,-125.919,-4.012,64.51,-0.457,158.59,50.0,6.005,-8.3,8.96,26.0,12.0,B,B,CH,645,0.0,2015000075.0,2.0,2.0,2.0,5.0,0.0,0.0,0.0,1.1516666666666668,3.7408333333333332,570489,Strikeout,201500001,9,3,3,R,572096,L,False
313,-0.313,3.591,97.4,89.3,2403.943,197.665,30.8,2.5,23.8,-7.178,33.752,-9.637,1.55,3.36,2.0,3.067,-142.743,-5.054,128.93,-0.949,141.82,50.0,5.995,-3.49,10.92,51.0,11.0,S,S,FF,646,0.0,2015000075.0,3.0,2.0,2.0,6.0,0.0,0.0,0.0,-0.3401666666666667,3.883,570489,Strikeout,201500001,9,3,3,R,572096,L,False
314,-0.02,1.75,89.5,82.2,1310.692,277.022,16.3,8.5,23.8,-11.74,29.88,-33.62,1.43,3.09,2.0,7.98,-130.93,-3.66,117.69,-2.23,191.45,50.0,5.71,-6.82,-0.88,49.0,8.0,C,S,CH,3,0.0,2015000076.0,0.0,0.0,0.0,1.0,0.0,0.0,0.0,-0.5566666666666666,3.8033333333333332,594777,Strikeout,201500002,1,1,0,R,433587,L,True
315,0.22,1.77,79.1,72.3,2638.415,28.051,-11.9,15.9,23.7,9.92,27.74,-50.79,1.47,3.01,2.0,3.6,-115.99,1.88,108.65,-2.34,190.94,50.0,5.91,7.5,-14.14,28.0,8.0,F,S,CU,4,0.0,2015000076.0,0.0,1.0,0.0,2.0,0.0,0.0,0.0,-1.6849999999999998,5.0183333333333335,594777,Strikeout,201500002,1,1,0,R,433587,L,True
316,-0.38,1.94,92.3,84.3,292.19,295.361,2.0,7.7,23.7,-2.46,33.81,-33.34,1.47,3.01,2.0,5.47,-135.17,-4.01,131.33,-2.27,186.37,50.0,5.83,-1.35,-0.68,30.0,7.0,C,S,SI,5,0.0,2015000076.0,0.0,2.0,0.0,3.0,0.0,0.0,0.0,-1.2125,3.9416666666666664,594777,Strikeout,201500002,1,1,0,R,433587,L,True
317,-1.2,1.5,91.2,82.5,1475.902,281.781,18.3,8.8,23.7,-13.31,36.24,-34.95,1.6,3.5,2.0,5.28,-133.65,-4.44,162.55,-2.24,198.39,50.0,5.77,-7.57,-1.62,78.0,13.0,F,S,SI,9,0.0,2015000077.0,0.0,0.0,1.0,1.0,0.0,0.0,0.0,-1.0891666666666668,3.7699999999999996,545361,Home Run,201500002,1,1,0,R,433587,R,True
318,-0.63,3.31,92.1,83.9,615.75,216.164,4.6,6.3,23.7,-3.38,33.25,-27.55,1.6,3.52,2.0,4.79,-134.95,-1.29,140.82,-2.19,149.49,50.0,5.76,-1.86,2.51,54.0,1.0,C,S,FF,10,0.0,2015000077.0,0.0,1.0,1.0,2.0,0.0,0.0,0.0,-1.255,4.325833333333334,545361,Home Run,201500002,1,1,0,R,433587,R,True
319,-1.55,3.19,91.0,82.8,694.023,242.238,9.3,6.9,23.7,-5.65,33.07,-29.2,1.6,3.4,2.0,3.45,-133.47,-1.46,175.89,-2.45,152.76,50.0,5.88,-3.18,1.64,36.0,11.0,B,B,SI,11,0.0,2015000077.0,0.0,2.0,1.0,3.0,0.0,0.0,0.0,-1.7349999999999999,4.398333333333333,545361,Home Run,201500002,1,1,0,R,433587,R,True
320,0.44,2.84,91.4,83.9,558.876,260.914,6.1,7.2,23.8,-5.09,30.76,-31.36,1.6,3.5,2.0,7.81,-133.81,-1.88,100.38,-2.16,162.1,50.0,5.81,-2.83,0.41,44.0,6.0,F,S,SI,12,0.0,2015000077.0,1.0,2.0,1.0,4.0,0.0,0.0,0.0,-0.6241666666666668,4.290833333333333,545361,Home Run,201500002,1,1,0,R,433587,R,True
321,-0.52,2.33,91.7,83.3,710.107,227.254,7.0,6.6,23.7,-4.83,34.37,-27.71,1.6,3.5,2.0,5.33,-134.37,-4.15,136.67,-2.19,175.84,50.0,5.91,-2.69,2.45,46.0,4.0,F,S,SI,13,0.0,2015000077.0,1.0,2.0,1.0,5.0,0.0,0.0,0.0,-1.1308333333333334,3.9158333333333335,545361,Home Run,201500002,1,1,0,R,433587,R,True
322,-0.69,2.17,91.5,83.4,191.496,303.852,0.8,7.7,23.7,-1.47,33.85,-33.16,1.6,3.5,2.0,4.25,-134.1,-3.52,143.3,-2.2,180.16,50.0,5.91,-0.82,-0.59,54.0,7.0,F,S,SI,14,0.0,2015000077.0,1.0,2.0,1.0,6.0,0.0,0.0,0.0,-1.3766666666666667,4.089166666666666,545361,Home Run,201500002,1,1,0,R,433587,R,True
323,0.16,-0.46,89.0,82.9,1398.234,340.145,3.9,10.8,23.9,-4.26,28.33,-43.97,1.6,3.44,2.0,6.7,-130.13,-7.01,110.98,-2.13,0.0,50.0,5.62,-2.49,-6.95,19.0,14.0,B,B,CH,15,0.0,2015000077.0,1.0,2.0,1.0,7.0,0.0,0.0,0.0,-0.7775,3.1591666666666667,545361,Home Run,201500002,1,1,0,R,433587,R,True
324,0.25,2.57,91.9,84.0,607.597,280.492,6.7,7.6,23.7,-5.54,32.57,-33.2,1.6,3.5,2.0,6.86,-134.53,-2.34,107.36,-1.95,169.36,50.0,5.83,-3.06,-0.61,34.0,6.0,E,X,SI,16,0.0,2015000077.0,2.0,2.0,1.0,8.0,0.0,0.0,0.0,-0.595,4.2508333333333335,545361,Home Run,201500002,1,1,0,R,433587,R,True
325,-0.42,0.55,87.9,81.1,2016.345,311.84,14.8,11.4,23.8,-13.32,29.42,-44.1,1.57,3.28,2.0,7.17,-128.64,-4.19,133.01,-2.22,224.04,50.0,5.65,-8.04,-7.24,53.0,13.0,B,B,CH,21,1.0,2015000078.0,0.0,0.0,1.0,1.0,0.0,0.0,0.0,-0.6500000000000001,3.7033333333333336,405395,Strikeout,201500002,1,2,0,R,433587,R,True
326,0.59,1.78,91.9,83.7,2373.14,298.937,20.9,10.5,23.7,-19.22,34.05,-42.8,1.57,3.41,2.0,11.29,-134.26,-2.22,94.43,-2.31,190.61,50.0,5.72,-10.73,-5.97,58.0,9.0,C,S,SI,22,1.0,2015000078.0,1.0,0.0,1.0,2.0,0.0,0.0,0.0,0.03416666666666657,4.2475,405395,Strikeout,201500002,1,2,0,R,433587,R,True
327,-0.38,0.86,87.4,81.6,1757.465,322.827,10.3,11.2,23.9,-9.37,25.98,-44.53,1.57,3.41,2.0,6.91,-128.01,-3.27,131.45,-2.38,215.56,50.0,5.63,-5.64,-7.48,27.0,13.0,B,B,CH,23,1.0,2015000078.0,1.0,1.0,1.0,3.0,0.0,0.0,0.0,-0.9099999999999999,3.8683333333333336,405395,Strikeout,201500002,1,2,0,R,433587,R,True
